2804 4814
666 309 709 318 -
733 272 843 352 62..

103 488 106 496 ,
216 423 424 502 laborantes,
448 445 486 488 ac
500 423 705 512 multiplices
721 424 850 514 ligures
866 423 1047 490 induentes
1061 422 1160 489 nobis
1177 422 1294 512 depin-

216 558 302 636 gunt
338 546 424 613 falsa
451 547 661 614 imitatione¹
692 559 725 615 et
755 547 975 615 formidinem
1013 546 1132 613 mortis
1167 556 1294 636 augent

216 672 422 761 injustisque
439 694 534 760 spem
555 671 636 739 dant
652 672 827 762 adjutores
847 672 880 738 in
903 671 1031 738 scelere
1047 670 1129 738 deos
1144 671 1209 737 sibi
1222 694 1295 738 mu-

155 803 156 806 ’
217 797 357 863 neribus
373 796 528 886 parandi,
539 807 571 863 et
592 797 698 865 multa
713 798 777 864 alia
794 797 1016 872 mentiuntur,
1031 806 1164 864 tantum
1179 808 1294 864 tamen

217 922 306 988 inter
331 944 366 987 se
389 921 622 1010 discrepantes
650 932 815 1010 quantum
838 931 1016 1011 poetarum
1039 921 1229 988 sententiae
1254 921 1295 987 de

217 1047 403 1115 verobona
417 1056 449 1114 et
466 1046 508 1113 de
519 1047 664 1137 justitia.
678 1047 819 1114 Publica
835 1047 963 1114 utilitas
975 1045 1125 1135 postulat
1137 1055 1175 1112 ut.
1190 1045 1295 1113 corri-

218 1181 355 1260 gantur,
374 1170 585 1250 recidantur,
603 1172 636 1237 in
658 1172 780 1238 melius
797 1194 836 1238 ac
855 1171 969 1237 verius
984 1179 1157 1251 mutentur
1175 1169 1295 1261 hujus-

41 1280 43 1284 *
116 1354 118 1359 ⁴
221 1296 310 1362 modi
340 1295 475 1364 labulae
501 1295 641 1362 fortuito
658 1305 690 1362 et
710 1282 872 1362 instinctu
894 1293 1041 1384 quodum
1063 1294 1296 1384 potiusquam

217 1421 360 1487 consilio
391 1420 597 1488 elaboratae.
628 1421 774 1487 Tantum
809 1421 924 1509 valent
953 1429 1072 1509 poetae
1100 1441 1292 1508 eorumque

217 1569 321 1635 opera
342 1556 505 1634 quantum
535 1546 671 1634 sapiunt
699 1555 732 1612 et
763 1545 964 1634 sapientiam
990 1543 1113 1610 docent
1136 1555 1169 1611 et
1196 1544 1295 1611 bonis

217 1669 405 1760 disciplinis
439 1692 505 1737 non
542 1680 735 1737 occursant.
781 1671 820 1735 Et
841 1670 978 1758 quidem
1005 1669 1136 1736 fabulas
1165 1692 1295 1758 cogens

218 1794 330 1862 redire
352 1793 392 1859 ad
407 1793 557 1860 officium
580 1793 812 1861 similitudinis
832 1803 863 1864 et
885 1793 1017 1882 figurae
1040 1792 1220 1883 cujusdam
1237 1817 1297 1883 per

219 1943 303 2010 quas
330 1919 655 1985 accommodatiores
682 1918 791 1985 bonae
816 1919 964 1985 civitatis
989 1919 1153 1985 institutis
1180 1942 1293 1986 mores

221 2045 346 2112 civium
376 2042 469 2109 reddi
503 2043 647 2132 possint,
665 2044 748 2109 nibil
777 2043 941 2132 praecipit
967 2042 1063 2109 Plato
1093 2045 1193 2132 cujus
1225 2067 1295 2110 non

219 2171 412 2260 exemplum
427 2171 497 2259 ipse
517 2169 709 2259 protulerit,
725 2192 829 2258 quum
847 2169 989 2258 poeticis
1005 2169 1132 2260 mythis
1144 2193 1247 2259 saepe
1262 2171 1294 2235 in

219 2296 353 2386 scriptis
377 2318 460 2362 usus
487 2295 589 2361 fuerit
607 2294 662 2361 vel
687 2294 823 2361 refectis
848 2304 881 2360 et
900 2293 1114 2361 concinnatis
1139 2304 1172 2361 et
1197 2296 1294 2383 quasi

217 2421 372 2499 detortis,
388 2419 441 2486 vel
455 2420 554 2509 plane
570 2419 732 2498 inventis
749 2419 783 2484 in
796 2429 941 2507 utroque
952 2441 1034 2486 casu
1052 2420 1292 2508 antiquitatem

218 2544 450 2613 redolentibus
471 2554 504 2610 et
521 2553 556 2609 ut
571 2542 737 2632 quaedam
759 2566 778 2609 a
798 2552 914 2610 vetere
934 2543 1102 2633 sapientia
1118 2545 1242 2612 tradita
1260 2569 1294 2612 se

218 2671 420 2738 ferentibus,

263 2919 307 2986 Ut
327 2917 553 2985 imitationem
576 2927 740 3000 tractam,
757 2917 853 2984 Plato
873 2939 1029 2984 normam
1061 2939 1163 3006 quam
1191 2919 1296 3007 scrip-

218 3053 310 3110 tores
331 3044 501 3132 respicere
517 3043 662 3110 debeant
676 3042 752 3109 duci
770 3042 842 3109 vult
862 3066 903 3108 ex
925 3042 982 3108 illo
996 3065 1122 3131 genere
1143 3043 1296 3109 imitandi

218 3178 252 3233 et
267 3168 364 3257 quasi
377 3168 526 3257 perfecta
542 3168 741 3234 imitationis
757 3168 832 3233 idea
845 3189 932 3255 quae
945 3166 1225 3238 aemulatioboni
1240 3167 1295 3246 sit,

219 3294 264 3359 ita
285 3304 555 3360 consentaneum
571 3303 635 3371 est,
659 3292 835 3358 mendacia
855 3291 1046 3358 fabularum
1070 3292 1290 3380 attingentes

219 3420 257 3486 in
277 3420 455 3487 mendacio
475 3420 533 3486 illo
551 3418 623 3485 utili
641 3428 673 3484 et
707 3417 902 3485 necessario
930 3417 1020 3484 dicto
1045 3441 1084 3484 ac
1106 3417 1297 3485 rectoribus

105 3598 107 3601 .
220 3545 368 3611 civitatis
400 3544 514 3624 licito,
548 3567 611 3610 uos
650 3543 877 3622 commorari,
900 3565 1005 3631 quum
1037 3542 1174 3631 quidem
1203 3542 1299 3609 Plato

222 3670 286 3736 boc
307 3668 360 3734 vel
402 3669 498 3749 illud,
522 3667 622 3735 modo
660 3667 900 3747 imitationem,
937 3667 1038 3734 modo
1078 3666 1211 3734 tabulas
1259 3690 1299 3734 ex

225 3794 349 3860 artium
378 3796 510 3861 ratione
541 3793 637 3882 quasi
662 3791 834 3882 decerpat,
860 3802 977 3882 postea
1016 3792 1106 3859 civili
1136 3793 1299 3859 scientiae

220 3919 348 3987 inserat
376 3921 443 4008 (eui
470 3919 570 3986 etiam
598 3941 718 3985 omnes
745 3929 835 3984 artes
859 3918 1028 4008 subjicere
1053 3918 1224 4009 intendit).
1255 3957 1297 4008 ,-

251 4189 259 4226 ¹
278 4191 369 4254 aesp„
386 4193 407 4241 u
424 4193 450 4240 et
466 4192 512 4240 111.
