2804 4814
611 291 788 357 ..87-

162 452 314 510 uteretur
334 442 375 509 ad
396 441 577 530 quamdam
598 443 916 511 mathematicorum
932 443 1111 510 veritatem
1129 443 1236 533 perci-

160 568 333 657 piendam,
348 567 417 633 imo
433 567 535 632 etiam
552 567 639 655 quod
658 568 691 633 in
709 591 749 634 ea
763 577 895 635 tanturn
917 567 958 634 ad
978 577 1095 634 noctes
1111 579 1145 635 et
1164 568 1236 635 dies

160 702 193 758 et
213 714 322 757 annos
347 701 379 756 et.
395 701 549 780 tempora
569 691 648 756 anni
666 702 698 758 et
714 715 782 758 uno
810 692 913 759 verbo
934 691 1096 759 advitam
1117 693 1236 786 huma-

160 839 238 882 nam
268 816 448 905 pertineat,
481 816 573 904 parvi
596 817 770 912 aestimet,
795 827 896 905 atque
918 827 954 883 ut
972 826 1134 898 ποικίλσεις
1160 817 1235 883 illas

160 964 248 1030 quae
277 940 450 1007 intellectu
480 950 612 1007 tantum
639 941 766 1030 percipi
794 941 925 1030 possint
952 950 985 1008 et
1011 963 1235 1009 numerorum

159 1068 320 1151 διανομὰςὶ
352 1066 434 1132 velit
462 1066 566 1132 menti
596 1065 724 1133 civium
748 1088 883 1157 semper
916 1065 1092 1133 obversari
1118 1076 1151 1134 et
1181 1089 1236 1134 oc·

160 1212 300 1258 cursare
327 1202 360 1257 et
391 1191 425 1256 in
451 1190 623 1258 curiarum
652 1190 771 1257 ordine
803 1213 842 1257 ac
870 1212 1029 1270 numere,
1060 1191 1154 1258 etin
1183 1213 1236 1258 ra·

160 1315 252 1383 tione
286 1337 521 1395 nummorum,
555 1338 809 1395 mensurarum,
835 1315 1025 1406 ponderum
1061 1315 1235 1405 alegibus

160 1441 316 1507 instituta
335 1449 368 1507 et
389 1441 512 1508 ceteris
533 1441 635 1508 rebus
659 1439 908 1530 hujuscemodi.
938 1439 1172 1508 Recordemur
1200 1451 1236 1508 ut

160 1566 361 1634 Leonardus
388 1566 429 1634 de
448 1567 585 1648 Vincio,
608 1564 802 1632 meditando
827 1564 1114 1655 quemadmodum
1137 1565 1236 1633 lumi-

161 1689 261 1756 nibus
282 1689 367 1756 bene
383 1690 580 1780 temperatis
595 1689 743 1779 aliquam
765 1689 932 1778 picturam
954 1689 1170 1756 collustraret
1195 1689 1236 1756 ad

160 1814 418 1881 similitudinem
436 1838 550 1882 rerum
570 1815 735 1904 ipsarum,
751 1824 784 1880 et
801 1813 1089 1903 quemadmodum
1105 1814 1236 1881 lumina

160 1938 340 2028 effingeret
361 1962 448 2028 quae
470 1963 489 2005 a
512 1938 606 2006 fonte
623 1938 770 2027 quodam
791 1939 932 2006 luminis
949 1940 982 2005 in
1005 1940 1125 2028 quavis
1141 1950 1236 2029 parte

161 2074 194 2130 et
214 2073 306 2129 certo
328 2064 436 2152 spatio
453 2064 618 2130 collocato
637 2063 806 2153 prolluere
823 2043 1034 2144 viderentur,
1052 2104 1093 2113 -
1113 2064 1237 2132 deduc·

161 2199 215 2255 tus
233 2189 276 2255 sit
290 2188 331 2254 ad
347 2189 595 2278 exquirendum
622 2213 770 2278 quonam
793 2189 895 2256 modo
915 2191 1105 2279 computari
1130 2192 1238 2280 possit

162 2323 289 2402 quanto
310 2314 419 2402 spatio
443 2313 519 2380 lons
536 2313 592 2380 ille
608 2313 748 2380 luminis
765 2314 817 2381 sol
828 2308 856 2380 'a
876 2313 1096 2381 terrestribus
1112 2314 1234 2396 distet3

160 2477 203 2487 -
228 2440 408 2506 autetiam
429 2439 510 2506 dum
536 2439 569 2505 in
590 2439 751 2530 pontibus
773 2439 828 2506 vel
854 2439 1038 2529 aggeribus
1059 2451 1236 2508 exstruen-

160 2561 212 2629 dis
242 2574 427 2654 occupatus
457 2574 561 2644 esset,
589 2564 694 2631 hocce
729 2563 1020 2654 deprehenderit:
1052 2550 1235 2631 fluviorum

163 2687 270 2754 undas
294 2689 395 2755 talem
421 2711 559 2755 cursum
589 2698 706 2755 tenere
727 2699 763 2755 ut
795 2689 923 2756 llumeu
954 2688 1055 2756 modo
1081 2689 1236 2756 dextram

161 2813 263 2880 modo
287 2814 459 2881 sinistram
481 2815 589 2904 ripam
610 2814 721 2880 feriat.
745 2815 796 2881 Ex
813 2815 878 2882 boc
901 2815 1057 2904 exemplu
1073 2814 1175 2882 ducto
1196 2814 1238 2881 ah

162 2938 291 3005 artifice
313 2939 459 3027 quodam
476 2939 567 3006 circa
581 2940 805 3006 imitationem
829 2962 945 3007 rerum
967 2949 1126 3007 versante
1147 2939 1235 3023 etad

162 3064 339 3131 scientiam
369 3088 483 3132 rerum
510 3066 661 3155 ipsarum
690 3089 726 3132 se
752 3065 952 3146 extollente,
969 3074 1080 3156 potest
1104 3065 1236 3154 concipi

163 3188 335 3278 quomodo
359 3190 455 3256 Plato
479 3191 646 3256 musicam
667 3199 700 3256 et
720 3199 851 3256 ceteras
868 3189 958 3256 artes
975 3212 1119 3278 quarum
1136 3212 1237 3279 supe-

162 3314 288 3380 riorem
314 3324 446 3380 tantum
471 3325 600 3404 partem
626 3324 768 3404 spectet,
786 3315 818 3381 in
848 3314 1031 3381 caelestem
1054 3312 1236 3403 quamdam

163 3439 440 3506 mathematicam
457 3440 609 3506 evexerit
629 3450 661 3506 et
683 3439 850 3531 receperit
870 3462 947 3507 cum
972 3438 1083 3506 ethica
1100 3437 1237 3527 quidem

162 3574 345 3653 cognatam
360 3566 439 3653 quia
450 3564 570 3631 ambae
582 3565 622 3630 ad
635 3587 816 3632 numerum
831 3573 864 3631 et
880 3563 1019 3631 modum
1031 3563 1235 3652 pertineant,

161 3730 206 3739 —
221 3688 302 3756 dum
317 3713 393 3756 sese
409 3689 507 3778 fingit
520 3689 560 3755 ad
577 3689 726 3778 priorem
745 3698 871 3755 statum
887 3687 1058 3755 exoletam
1071 3687 1237 3754 musicam

162 3813 396 3905 reducentem.
413 3815 524 3895 Quum
543 3813 575 3879 id
588 3813 678 3903 quod
692 3836 815 3903 purum
832 3813 888 3892 sit,
911 3811 998 3901 quod
1021 3812 1236 3890 universum,

163 3939 254 4028 quod
274 3962 354 4006 vere
376 3948 568 4020 aeternum,
587 3939 621 4005 iu
646 3939 779 4006 ratione
799 3947 832 4004 et
851 3961 915 4005 usu
938 3937 1063 4005 artium
1087 3936 1186 4004 sicuti
1202 3935 1236 4001 in

193 4212 203 4246 ¹
222 4213 297 4278 Leg.‚
309 4215 342 4276 V,
359 4217 388 4262 74
399 4227 423 4262 a.
