2804 4814
608 271 784 337 ,56-

161 448 246 514 quas
281 423 505 513 philosophus
544 425 772 515 interpretans
812 427 845 493 in
885 437 1067 516 praecepta
1102 436 1238 493 vertere
1294 410 1298 417 ¹

160 548 269 640 possit
281 550 314 614 ‘2¹
335 550 445 638 Atque
460 549 506 616 ita
518 550 662 617 forsitan
679 575 696 618 e
711 561 835 618 natura
847 561 954 632 muta,
965 552 1060 619 velut
1076 552 1238 642 epoetis²

161 673 354 762 fabulisque
371 697 489 740 eorum
511 675 595 743 disci
616 686 693 765 pote
711 688 764 744 est
783 700 824 744 ea
844 701 932 766 quae
953 678 1025 767 ipsa
1041 677 1165 744 nescit.

205 799 232 864 E
248 820 352 887 supra
370 798 468 865 dictis
482 802 554 889 jam
566 801 689 891 conjici
707 811 819 891 potest
834 802 915 891 quid
926 802 1024 868 Plato
1042 802 1084 868 de
1101 803 1143 869 iis
1161 803 1239 869 arti-

161 925 225 991 bus
245 935 279 991 et
293 923 453 1013 operibus
470 947 557 1012 quac
577 924 785 1014 voluptatem
810 926 941 1016 pulchri
962 927 1238 1016 gignereproh-

161 1059 298 1116 teantur
317 1049 477 1128 senserit,
498 1059 531 1116 et
546 1049 634 1116 hanc
647 1052 854 1117 sententiam
871 1052 905 1117 in
921 1050 1079 1118 eumdem
1098 1051 1240 1119 modum

163 1197 202 1241 ac
226 1173 415 1240 doctrinam
442 1173 484 1240 de
507 1174 650 1263 pulchro
677 1175 915 1266 philosophiae
943 1176 1063 1243 morali
1086 1185 1121 1243 et
1147 1176 1240 1244 civili

164 1299 327 1366 scientiae
341 1321 532 1366 connexam
548 1322 635 1366 esse.

209 1551 242 1614 2.
266 1588 307 1598 —
328 1547 585 1616 Oblectamenta
609 1551 731 1615 artium
756 1561 794 1617 ut
810 1549 998 1639 jucundam
1019 1549 1170 1638 quietem
1190 1549 1243 1615 vel

167 1673 285 1742 ludum
305 1673 536 1741 consideranti
552 1675 715 1764 primum,
732 1675 866 1742 Platoni
882 1674 1042 1742 omnihus
1063 1675 1116 1740 his
1137 1674 1244 1742 rebus

168 1799 282 1889 potius
299 1799 434 1867 videtur
460 1799 683 1888 colloquium,
705 1823 810 1889 quum
831 1824 891 1867 eae
911 1801 1094 1867 illitteratis
1107 1810 1244 1867 tantum

166 1934 199 1991 et
210 1923 379 1990 sermonis
391 1924 578 2013 inexpertis
589 1925 663 1991 loco
679 1925 896 2014 cogitationis
912 1935 946 1992 et
960 1924 1111 1991 liberalis
1128 1915 1246 2015 cujus*—

169 2049 250 2115 libet
272 2049 398 2138 negotii
419 2049 499 2128 sint,
519 2060 551 2115 et
571 2049 733 2117 deficiens
753 2051 961 2139 colloquium
983 2049 1177 2139 suppleant.
1194 2051 1247 2117 Ita

170 2183 220 2241 est
255 2175 419 2253 musicae,
452 2173 682 2260 tibicinarum,
718 2177 920 2242 chorearum
956 2184 1032 2264 post
1063 2173 1245 2241 obsonia³.

170 2299 280 2366 Etiam
306 2298 569 2388 disputationem
596 2299 636 2366 de
666 2301 797 2389 poetico
828 2298 976 2389 quodam
997 2299 1098 2366 loco*
1117 2298 1248 2366 talibus

169 2424 427 2491 oblectamentis
451 2447 565 2513 parem
587 2424 667 2491 facit
683 2435 719 2491 ut
741 2425 782 2490 ab
805 2425 846 2491 iis
867 2433 1066 2514 usurpatam
1090 2423 1147 2512 qui
1174 2447 1247 2491 non

170 2548 317 2615 habeant
331 2549 539 2638 peculiarem
557 2559 590 2615 et
610 2550 782 2639 propriam
794 2550 866 2616 sive
887 2572 1006 2616 vocem
1023 2549 1094 2615 sive
1106 2548 1249 2637 cogita-

169 2675 297 2741 tionem
319 2697 386 2762 qua
406 2675 439 2740 in
466 2697 625 2741 sermone
654 2684 804 2744 utantur.
823 2674 1001 2763 Agendum
1023 2696 1100 2740 esse
1122 2696 1250 2740 secun-

170 2799 250 2866 dum
269 2809 425 2866 naturam
448 2822 560 2879 suam,
582 2799 612 2865 id
636 2811 687 2866 est
707 2799 927 2888 cogitandum
950 2810 983 2866 et
1004 2797 1246 2865 disserendum

171 2925 300 2991 homini
317 2925 466 2991 clamant
486 2925 588 2990 etiam
613 2949 667 2991 res
691 2936 723 2991 et
742 2948 852 3014 genus
874 2925 1065 2991 intellectus
1082 2928 1246 3013 expers5,
1312 2905 1315 2912 ’

170 3072 233 3116 nec
247 3049 465 3116 assidendum
483 3059 615 3115 tantum
631 3050 726 3138 quasi
744 3050 950 3138 spectaculo,
969 3048 1059 3138 quod
1075 3047 1246 3136 quaedam

170 3174 365 3241 dormitatio
380 3184 441 3240 est.

215 3301 307 3389 Ergo
333 3323 455 3390 nempe
483 3301 631 3366 Litterae
659 3309 692 3367 et
716 3299 916 3390 praesertim
951 3262 1063 3365 soluta
1088 3300 1247 3367 oratione

172 3426 311 3515 scripta,
327 3436 361 3492 ut
374 3448 488 3492 sermo
510 3425 647 3514 quidam
664 3439 696 3491 et
710 3425 774 3492 viri
795 3425 875 3492 boni
893 3447 1007 3491 sermo
1024 3423 1112 3513 apud
1132 3423 1245 3491 Plato-

203 3712 212 3745 1
230 3711 300 3762 Vide
316 3710 480 3761 Phaedrum.

202 3793 212 3826 ²
232 3800 280 3861 καὶ
300 3796 357 3880 γὰρ
374 3793 452 3860 οὗτοι
466 3800 587 3880 λέγουσι
608 3804 659 3876 μὲν
681 3796 782 3860 πολλὰ
802 3799 850 3860 καὶ
869 3795 961 3872 καλὰ,
983 3800 1059 3858 ἴσασι
1074 3791 1187 3858 δὀὒδὲν
1204 3785 1244 3857 ὦν

173 3910 304 3989 λέγουσι.
325 3917 415 3980 Apul,
431 3920 460 3964 22
474 3930 496 3965 c.

203 4016 214 4051 ³
230 4016 313 4075 Prot,
325 4019 371 4064 ato
385 4029 408 4064 c.

203 4115 214 4150 ⁴
230 4114 298 4164 Vide
313 4115 386 4164 Prot.

202 4215 213 4248 ⁵
231 4213 382 4275 Phaedrus
395 4217 439 4262 258
455 4227 479 4261 a.
