2804 4814
609 271 784 351 ..77-

161 439 328 530 quaedam
349 450 382 508 et
399 441 560 508 universa
576 442 787 532 impudentia
806 439 860 507 vel
876 417 1018 507 audacia
1039 464 1158 509 eorum
1179 441 1236 530 qui
1303 484 1307 490 ›

160 565 313 632 melioris
334 566 531 656 opinionem
553 589 622 633 non
641 550 713 657 jam
738 575 935 633 vereantur.
958 565 1066 654 Igitur
1086 566 1133 633 ita
1153 566 1237 633 civi-

160 700 265 757 tatem
287 690 433 756 instituit
453 701 489 757 ut
509 690 648 779 tragicis
673 691 814 758 chorum
840 689 912 756 dari
934 713 1002 758 non
1027 690 1078 756 fas
1104 691 1146 757 sit
1171 691 1236 757 nisi

160 837 280 881 eorum
302 824 423 881 cantus
440 837 459 881 a
477 814 732 903 magistratibus
750 813 880 905 probati
897 813 1025 882 fuerint
1041 825 1077 882 ut
1094 838 1237 884 consen-

161 939 253 1006 tanei
268 939 425 1007 cantibus
441 939 475 1006 in
491 939 628 1006 civitate
644 940 777 1007 usitatis
793 949 827 1006 et
840 939 987 1006 laudatis
998 942 1023 1006 ¹.
1084 1020 1088 1028 ¹

207 1061 347 1131 Civibus
362 1073 476 1131 autem
497 1087 573 1131 esse
590 1064 700 1154 poetis
715 1064 842 1144 licebit,
859 1063 1109 1153 quinquaginta
1129 1087 1238 1132 annos

162 1190 252 1257 natis
278 1189 360 1280 (qua
382 1200 491 1258 aetate
516 1213 585 1258 non
606 1194 680 1282 jam
705 1214 765 1259 eos
785 1190 920 1258 deceret
947 1191 981 1257 in
1007 1172 1102 1258 lestis
1124 1191 1239 1259 choris

162 1315 360 1383 canentium
380 1325 413 1382 et
432 1314 629 1405 saltantium
651 1315 786 1402 videri),
812 1339 875 1382 nec
903 1316 1012 1405 poetis
1033 1315 1151 1383 datum
1174 1317 1239 1383 erit

162 1440 296 1531 publica
320 1441 503 1530 praeconia
524 1441 578 1508 vel
604 1451 761 1531 poemata
781 1464 867 1529 quae
895 1441 930 1507 in
955 1441 1038 1508 urbe
1062 1442 1238 1511 recitaturi

162 1565 465 1654 sintcomponere,
487 1576 544 1632 aut
568 1565 685 1632 liberis
698 1566 804 1634 Musis
820 1567 883 1647 uti,
902 1567 966 1633 nisi
985 1590 1004 1633 a
1034 1567 1237 1656 magistratu

163 1690 357 1758 educationi
387 1691 558 1780 praelecto
587 1690 684 1758 electi
711 1692 779 1758 sint
805 1701 839 1757 ut
867 1692 924 1780 qui
949 1692 1085 1780 insigne
1111 1690 1239 1781 aliquid

163 1815 395 1925 patraverint2
410 1824 468 1881 aut
484 1815 608 1883 virtute
630 1799 873 1905 praestiterint,
894 1815 949 1882 vel
971 1815 1073 1882 eliam
1094 1815 1121 1881 si
1136 1838 1240 1905 opera

164 1962 283 2006 eorum
301 1938 414 2006 minus
431 1939 543 2006 dulcia
559 1939 672 2006 forent
688 1922 742 2028 (μὴ
765 1941 902 2026 μουσικὰ)
921 1965 928 2006 :
959 1962 1063 2029 quum
1081 1939 1240 2007 videlicet

164 2086 336 2131 summum
359 2064 509 2131 musicae
526 2065 634 2130 virtus
655 2064 786 2162 privata
804 2074 835 2130 et
856 2063 966 2131 civilis
982 2065 1047 2146 sil,
1069 2075 1158 2131 etex
1177 2064 1239 2131 bac

164 2190 309 2279 pendeat
329 2189 409 2278 quid
427 2189 608 2268 musicum,
631 2189 711 2277 quid
727 2189 906 2279 pulchrum
925 2189 979 2255 sit.

210 2314 319 2383 Simul
339 2337 378 2381 ac
393 2313 434 2380 de
450 2314 599 2380 musicae
613 2313 798 2402 generibus
813 2336 900 2403 quae
921 2313 1057 2402 quidem
1079 2313 1239 2379 solemni-

164 2438 1240 2528 buspoliticisetsacrissubjungit,Platostatuit,lrincquoque

166 2565 313 2631 bonores
341 2563 406 2630 diis
435 2563 610 2631 habendos
639 2587 729 2644 esse,
763 2564 856 2629 illinc
884 2563 964 2653 quid
993 2562 1034 2630 de
1062 2566 1134 2630 Deo
1164 2586 1240 2629 sen-

90 2719 92 2725 ·
164 2688 317 2760 tiendum
330 2689 386 2769 sit,
396 2688 562 2756 decernit.
578 2690 772 2756 Patrocinia
784 2689 885 2756 etiam
898 2689 955 2755 illa
967 2688 1090 2778 quibus
1104 2687 1241 2754 diversa

165 2815 308 2881 numina
327 2813 464 2881 diversa
484 2814 663 2881 hominum
687 2815 838 2902 negotia,
861 2814 1017 2894 artificia,
1043 2813 1156 2893 ludos,
1174 2813 1240 2879 lor-

164 2949 280 3019 tunas,
297 2949 425 3015 aetates
442 2940 579 3006 loveant
594 2940 628 3004 in
650 2939 769 3006 ordine
789 2938 937 3027 quodam
953 2938 1025 3005 fere
1045 2938 1241 3005 necessario

166 3064 319 3144 collocat,
336 3064 484 3154 mytbica
510 3064 551 3130 ad
574 3064 756 3153 quamdam
778 3087 894 3131 veram
916 3073 949 3130 et
968 3063 1240 3153 philosophicam

165 3191 334 3257 rationem
354 3189 534 3256 reducens
573 3191 614 3256 Et
642 3213 744 3279 super
764 3189 919 3256 instituto
940 3189 1120 3256 numinum
1148 3188 1240 3255 cultu

166 3337 236 3382 non
257 3315 369 3381 minus
390 3337 428 3381 sc
448 3314 489 3381 de
511 3315 662 3381 musicae
683 3314 830 3403 legibus,
855 3315 1046 3404 impensam
1066 3314 1239 3380 libidinem

167 3440 336 3524 novandi,
358 3439 582 3529 dissentiendi
608 3463 627 3505 a
649 3440 771 3506 ceteris
791 3462 851 3529 pro
878 3463 940 3506 sua
960 3450 1068 3529 parte,
1093 3463 1131 3506 ac
1159 3462 1241 3506 suae

167 3566 321 3654 privatae
334 3565 486 3654 opinioni
502 3564 702 3653 indulgendi
722 3564 897 3632 refrenare
919 3565 1076 3645 intendit,
1098 3587 1241 3653 carpens

168 3689 327 3769 feminas,
354 3690 579 3769 somniantes
614 3699 833 3777 aegrotantes
864 3688 953 3777 quod
987 3711 1085 3755 sacra
1115 3687 1168 3753 vel
1207 3689 1241 3753 in

168 3815 309 3882 aedibus
341 3814 466 3881 babere
496 3802 615 3894 velint,
644 3814 722 3894 diis,
760 3814 885 3902 geniiS,
918 3813 1129 3902 deorumque
1163 3812 1242 3878 liliis

198 4102 207 4137 ¹
225 4102 300 4167 ch.‚
312 4102 373 4165 Vll,
384 4104 429 4152 818
447 4101 472 4152 d.

199 4202 209 4235 ²
226 4202 302 4266 Lag,
318 4202 447 4265 vl11,sus
463 4201 489 4251 d.
