2804 4814
645 267 820 333 „12-

194 419 312 508 gentia
325 428 357 484 et
371 417 486 485 odium
504 418 585 485 illud
603 419 705 486 latius
723 421 908 509 productae
924 421 1122 510 disciplinae
1140 431 1173 486 et
1189 421 1269 487 novi

195 545 250 613 vel
278 546 381 612 etiam
412 545 575 612 felicioris
605 546 735 614 ordinis
761 546 850 635 quod
883 547 918 613 in
948 546 1124 613 laudatore
1150 547 1271 612 aetatis

195 670 319 760 prioris
342 668 570 758 Aristophane
584 682 734 760 apparet.
754 673 795 738 Et
815 694 897 738 sane
911 671 1090 760 disciplina
1106 671 1161 736 illa
1184 693 1271 758 quae

196 805 366 862 oratorem
389 804 421 861 et
436 795 611 884 politicum
630 795 848 876 informabat,
869 797 936 863 late
952 796 1076 862 diffusa
1091 806 1123 862 et
1139 795 1271 884 ignobi-

194 920 283 988 libus
311 919 439 1009 paritar
466 942 504 986 ac
531 919 618 986 bene
640 922 730 987 natis
750 922 869 1010 eisque
894 921 951 1010 qui
968 943 1029 1010 pro
1047 920 1271 1009 sponsoribus

194 1045 332 1134 longam
348 1044 472 1111 seriem
486 1067 628 1111 avorum
643 1045 684 1112 de
698 1045 834 1112 civitate
849 1045 936 1112 bane
952 1044 1151 1113 meritorum
1170 1044 1271 1111 habe-

195 1169 276 1236 bant
296 1168 479 1258 impertita,
501 1191 541 1235 eo
563 1169 636 1258 ipso
654 1170 933 1249 aemulationem,
951 1169 1116 1237 ambitum
1133 1179 1165 1237 et
1185 1169 1271 1234 invi-

194 1293 268 1361 dias
288 1293 322 1359 in
343 1292 481 1360 civitate
503 1293 661 1382 augebat.
689 1294 783 1361 Adde
804 1295 905 1362 etiam
928 1295 980 1361 his
1000 1294 1113 1362 causis
1137 1295 1271 1361 animos

195 1393 372 1507 potestatis
405 1426 438 1483 et
464 1439 597 1483 morum
629 1417 841 1484 inclinationi
867 1419 1016 1484 intentos
1043 1427 1088 1497 et,
1111 1428 1147 1484 ut
1169 1440 1270 1507 saepe

195 1542 372 1609 incusatur
383 1541 506 1608 artium
523 1551 556 1608 et
568 1542 788 1609 scientiarum
802 1542 962 1632 splendor
976 1543 1031 1630 qui
1044 1565 1121 1608 cum
1135 1564 1270 1608 summo

194 1666 365 1755 potentiae
388 1667 420 1732 in
438 1666 554 1754 aliqua
573 1667 709 1733 civitate
730 1667 904 1757 competit,
927 1665 1080 1756 ejusdem
1099 1667 1271 1755 potentiae

189 1813 283 1879 quae
314 1813 383 1857 non
416 1800 547 1880 poterat
572 1792 637 1858 nisi
663 1791 861 1858 decrescere
885 1775 1130 1870 inclinationis,
1153 1829 1197 1839 —
1225 1792 1272 1857 ita
1364 1854 1367 1858 ,

196 1915 393 1982 incusantes
428 1918 498 2005 jam
529 1916 704 2005 proximae
734 1917 862 2005 patriae
892 1915 1138 1982 deminutionis
1167 1914 1271 1981 nimis

197 2040 376 2106 florentem
400 2039 636 2130 philosophiae
663 2040 890 2131 disciplinam.
919 2040 979 2107 Illa
1005 2063 1092 2128 quae
1122 2040 1223 2105 etiam
1253 2063 1272 2106 a

195 2164 336 2230 Platone
368 2164 529 2254 sophistis
560 2165 782 2256 objiciuntur,
809 2165 938 2234 Socrati
966 2187 1102 2253 quoque
1133 2163 1271 2254 objicie-

195 2287 331 2356 bantur.
355 2290 396 2354 Et
417 2288 554 2377 quidem
576 2312 645 2356 non
671 2288 809 2356 cuilibet
829 2288 944 2355 datum
967 2299 1038 2354 erat
1060 2290 1234 2357 Socratem
1253 2311 1273 2353 a

198 2413 320 2502 quovis
338 2414 593 2480 controversiae
608 2424 760 2480 amatore
775 2413 993 2502 dignoscere,
1012 2413 1070 2480 sed
1084 2422 1217 2480 tantum
1229 2413 1270 2479 iis

196 2537 253 2625 qui
275 2543 488 2604 sanctitatem
514 2542 589 2628 ejus
605 2549 638 2606 et
658 2539 760 2605 altam
779 2539 979 2627 sapientiam
998 2547 1223 2626 gustaverant
1238 2548 1271 2604 et
1359 2593 1363 2601 ,

194 2663 330 2753 penitus
359 2675 616 2754 perspexerant.
647 2665 762 2732 Primo
795 2676 934 2754 aspectu
967 2666 1113 2754 speciem
1144 2664 1270 2730 habere

194 2798 327 2877 poterat
354 2789 527 2878 sophistae
555 2790 659 2856 verba
695 2791 888 2857 cavillantis
923 2789 1127 2880 Euthydemi
1161 2811 1267 2860 more.

194 2915 296 3004 Atqui
318 2915 445 3004 aliquid
471 2916 569 2983 lusus
598 2917 696 2983 istius
724 2915 894 2982 interdum
918 2916 1007 2981 inest
1034 2916 1110 3003 ejus
1136 2913 1270 2979 ratioci-

194 3039 403 3106 nationibus.
432 3039 497 3108 Sed
518 3064 561 3106 ne
586 3040 831 3107 obliviscamur
856 3041 1045 3118 Socratem,
1067 3059 1172 3126 quum
1194 3060 1268 3102 eam

106 3237 108 3244 ¹
195 3163 363 3230 rationem
385 3164 535 3231 tenuerit
556 3165 743 3247 sententias
766 3164 943 3231 hominum
961 3163 1001 3229 de
1027 3162 1130 3229 rebus
1151 3161 1270 3226 huma-

195 3288 248 3355 nis
258 3288 337 3355 vivo
349 3312 507 3357 sermone
518 3313 699 3379 expressas
708 3290 890 3378 colligendi
904 3300 935 3356 et.
945 3290 1149 3355 sententiam
1162 3288 1269 3376 ipsam

195 3413 230 3479 in
253 3414 366 3503 verbis
391 3414 579 3508 subjectam
604 3415 818 3504 dispiciendi,
844 3415 912 3480 vim
941 3413 1125 3481 verborum
1148 3413 1285 3501 impri-·
1374 3504 1375 3507 Ἴ

197 3538 260 3605 mis
277 3549 354 3606 ante
370 3540 488 3607 oeulos
508 3540 669 3607 habuisse
697 3550 733 3607 ut
758 3541 894 3606 firmum
915 3538 1042 3627 aliquid
1072 3561 1138 3627 quo
1159 3538 1270 3604 omnis

79 3711 81 3716 -
195 3667 271 3754 ejus
286 3665 442 3732 doctrina
463 3665 684 3732 stabiliretur.
702 3667 792 3755 Ergo
813 3675 983 3755 procerte
1004 3664 1105 3730 habet
1126 3663 1268 3729 verbum

195 3798 228 3854 et
261 3777 466 3857 sententiam
498 3814 692 3858 sermonem
724 3802 756 3857 et
783 3791 1024 3879 cogitationem
1053 3812 1156 3856 unum
1179 3812 1268 3866 esse,

198 3921 312 4000 utpote
329 3937 397 3980 uno
421 3915 522 3982 verbo
550 3943 563 3977 «
583 3924 665 4003 λόγῳ
683 3943 697 3977 u
726 3939 900 4004 expressa.
928 3921 1033 4003 Αὲγῳ,
1062 3916 1135 4002 lege
1154 3915 1211 3979 illa
1238 3924 1270 3979 et

198 4037 295 4123 quasi
316 4038 388 4103 Deo
404 4037 672 4127 colloquentium
691 4062 758 4105 non
778 4038 877 4104 modo
896 4037 1073 4105 dialectica
1093 4038 1147 4103 vel
1167 4038 1268 4102 etiam

87 4158 89 4162 '
196 4161 283 4231 ratio
312 4161 399 4230 bene
427 4161 616 4248 disserendi
640 4163 728 4252 apud
759 4164 936 4230 Platonem
969 4163 1182 4251 intelligitur,
1210 4162 1268 4228 sed
1305 4199 1309 4206 ·
