2804 4814
648 279 825 346 -26-

200 436 256 502 ille
276 458 440 502 aseensus
461 457 528 524 quo
549 434 675 502 honum
699 434 826 524 aliquid
846 434 893 500 illi
911 433 1002 501 hono
1023 433 1112 522 quod
1132 457 1175 500 ex
1194 457 1275 502 cou-

199 559 380 628 suetudine
395 559 614 627 commodum
628 560 785 627 videatur
801 558 1071 650 praeoptandam
1088 580 1274 650 prosequa-

200 689 301 752 mur‘.l
320 686 441 753 Nonne
458 684 551 752 vides
569 685 691 775 jamin
713 684 835 752 affectu
856 693 889 750 et
905 694 999 751 motu
1023 683 1127 750 animi
1143 684 1202 752 illo
1217 686 1274 774 qui

198 810 341 901 pulchro
374 810 581 899 instigentur
615 798 727 876 inesse
760 808 938 876 exordium
969 832 1133 876 ascensus
1167 809 1273 889 illius,

200 958 305 1026 quum
318 935 482 1026 pulchrae
494 935 542 1001 rei
563 944 621 1001 aut
638 935 737 1001 faciei
760 957 857 1001 amor
869 956 937 1001 non
953 934 1117 1001 consistat
1132 933 1274 1014 ibidem,

200 1059 259 1127 sed
280 1082 320 1126 ea
339 1057 536 1126 conditione
560 1068 692 1126 tantum
717 1059 809 1126 vivat
827 1067 860 1125 et
879 1058 990 1125 alatur
1010 1059 1036 1125 si
1060 1058 1094 1124 in
1120 1080 1274 1124 amorem

199 1185 442 1251 universorum
473 1183 696 1273 pulchrorum
721 1205 918 1273 corporum,
948 1204 1077 1261 rerum,
1107 1182 1274 1249 virtutum

199 1318 364 1385 vertatur,
393 1317 425 1375 et
447 1306 595 1397 denique
620 1308 655 1374 iu
683 1329 837 1376 amorem
858 1307 990 1397 pulchri
1014 1306 1134 1397 ipsius,
1163 1305 1196 1371 id
1224 1315 1276 1372 est

104 1494 106 1497 ,
199 1433 301 1514 boni3
322 1433 497 1522 (quoniam
524 1455 622 1499 amor
642 1432 691 1498 nil
714 1431 803 1498 aliud
829 1441 880 1499 εει
911 1431 976 1498 nisi
1007 1430 1275 1497 immortalitatis

201 1568 233 1624 et
246 1557 445 1647 sempiterni
461 1556 541 1624 boni
558 1557 748 1646 appetitio.)
761 1555 854 1623 Adde
876 1555 979 1644 quod,
995 1564 1127 1645 praeter
1148 1555 1275 1621 utilita-

200 1692 267 1749 tem
283 1706 323 1749 ex
337 1705 404 1771 qua
420 1704 556 1771 quoque
567 1681 682 1771 aliqua
697 1704 753 1748 res
765 1680 906 1770 pulchra
922 1703 998 1747 esse
1014 1689 1137 1771 potest,
1156 1680 1274 1770 volup-

201 1807 449 1874 tasaestlietica
469 1806 523 1873 cni
546 1806 728 1896 praecipue
746 1805 842 1872 visus
863 1814 896 1871 et
921 1803 1057 1872 auditus
1079 1805 1274 1871 inserviunt

200 1941 251 1999 εει
270 1931 428 2021 voluptas
449 1955 492 1998 ex
516 1930 803 2021 contemplatione
816 1904 829 1974 ¹*
845 1935 896 2018 (τῷ
916 1933 1112 2018 θεωρεῖσθαι).
1140 1930 1183 1996 Ει.
1201 1932 1274 2020 jam

200 2057 301 2123 etiam
324 2055 603 2144 contemplationi
630 2055 677 2121 illi
707 2077 794 2143 quae
818 2062 937 2144 utputa
954 2077 1014 2143 per
1035 2054 1146 2120 visum
1170 2052 1275 2121 idest

201 2180 421 2271 purissimum
444 2158 461 2243 ii
483 2180 574 2245 viam
599 2178 709 2245 fidei»
733 2187 926 2273 exercetur,
953 2177 1145 2245 intellectus
1166 2177 1198 2243 id
1224 2188 1276 2245 est

199 2315 315 2396 ἄριστον
337 2325 391 2391 τῆς
413 2318 511 2393 ψυχῆς
535 2327 572 2372 εε
593 2304 774 2370 immiscet.
797 2304 847 2369 lta
872 2311 908 2368 ut
932 2325 1040 2391 paene
1062 2301 1149 2368 idem
1168 2303 1273 2369 animi

201 2431 336 2498 habitus
366 2431 422 2510 sit,
445 2430 500 2496 vel
528 2428 817 2520 pulchritudinem
844 2450 917 2494 eam
947 2450 1034 2517 quae
1063 2426 1125 2496 suh
1152 2449 1275 2494 seusus

199 2556 301 2636 cadit,
323 2556 377 2623 vel
398 2555 580 2646 pulchrum
595 2554 679 2622 illud
697 2554 851 2644 corporis
866 2577 987 2643 expers
1004 2553 1092 2642 quod
1109 2576 1186 2619 cum
1201 2553 1275 2642 ipso

142 2761 144 2764 ¹
199 2682 337 2749 veroin
359 2704 463 2748 unum
485 2681 575 2748 coit²
599 2681 775 2756 intuentis,
796 2702 901 2768 quum
923 2679 1006 2745 alias
1027 2678 1159 2768 pulchri
1179 2700 1276 2745 amor

199 2807 284 2873 niliil
297 2806 388 2872 aliud
407 2806 472 2872 nisi
486 2805 626 2873 aculeus
644 2815 676 2872 ει
689 2806 948 2872 incitamentum
966 2804 1009 2870 sit
1025 2803 1065 2870 ad
1081 2802 1274 2872 venandam

201 2933 303 3000 simul
331 2931 394 2997 sihi
427 2941 459 2998 et
484 2931 559 2997 aliis
584 2930 801 3020 sapientiam.
822 2931 863 2996 Et
884 2929 962 2996 hinc
984 2951 1120 3017 quoque
1143 2928 1275 3016 concipi

201 3067 312 3148 potest
337 3057 450 3123 inesse
471 3055 613 3146 pulchro
641 3064 756 3144 utpote
781 3055 816 3120 in
837 3077 955 3120 verum
980 3053 1012 3119 id
1045 3062 1096 3119 est
1122 3052 1276 3119 celsioris

202 3183 307 3272 partis
336 3181 440 3247 animi
456 3173 625 3270 'pabulum
652 3202 688 3245 se
717 3178 917 3256 resolventi,
943 3177 975 3243 id
1001 3176 1091 3266 quod
1119 3177 1277 3266 progredi

202 3316 303 3396 cogat
319 3305 562 3394 cogitationem
581 3304 668 3371 ultra
688 3303 816 3370 bonum
833 3301 923 3368 istud
941 3300 1030 3390 quod
1047 3311 1177 3368 tantum
1196 3301 1277 3369 utile

204 3441 236 3498 ει
249 3429 468 3499 commodum
485 3429 584 3496 foret.

249 3557 465 3645 Agnovimus
489 3578 572 3644 ergo
598 3578 616 3621 e
640 3552 795 3643 pluribus
821 3552 953 3618 naturis
975 3561 1174 3618 concretum
1202 3575 1278 3637 esse

205 3682 385 3772 pulchrum
410 3679 493 3747 illud
515 3679 605 3768 quod
627 3678 723 3745 Plato
740 3676 908 3766 coneipit3
932 3675 1060 3742 Scilicet
1084 3699 1125 3743 ex
1150 3676 1221 3742 utili
1246 3685 1279 3742 et

234 3986 243 4020 1
262 3987 355 4049 Gorg„
370 3988 416 4033 474
428 3984 453 4034 6.

235 4084 246 4117 '2
263 4082 384 4144 Phaed0‚
400 4082 506 4131 esdad
524 4086 554 4129 66
565 4080 600 4130 h:
620 4065 698 4146 Ἠδη
715 4064 763 4130 οὖν
775 4063 895 4129 πώποτέ
905 4092 932 4130 τι
948 4073 1004 4130 τῶν
1021 4070 1158 4128 τοιούτων
1172 4062 1278 4144 (καλὸν

111 4230 113 4234 .
205 4180 252 4240 καὶ
272 4176 396 4260 ἀγαθὸν)
413 4187 475 4250 τοῖς
493 4179 656 4257 ὀφθαλμοῖς
671 4170 792 4250 εἶδες...
