2804 4814
648 260 853 343 --·re-‘

209 435 364 524 ingenuo
388 435 460 501 viro
490 434 678 501 videbatur.
711 431 870 501 Assidere
903 432 1114 522 spectaculo,
1151 430 1284 497 inhiare

209 558 389 626 arboribus
406 568 463 626 aut
480 559 665 649 seopulisl,
684 559 784 628 etiam
802 558 843 626 de
860 558 912 625 his
927 557 1030 624 rebus
1050 551 1163 646 potius
1180 578 1283 644 quam

209 683 250 750 de
277 683 437 750 humanis
463 683 566 749 rebus
593 683 697 750 verba
723 683 836 750 lacere
865 705 973 771 paene
994 680 1170 747 hominum
1193 685 1282 759 est2,

209 819 301 876 certe
321 831 510 876 vacuorum
535 809 767 897 ingeniorum,
793 807 904 874 taedio
927 806 1154 873 obnoxiorum
1178 827 1285 894 quum

209 956 278 999 non
302 932 450 999 habeant
474 956 517 999 ex
541 955 576 998 se
603 932 644 999 de
667 910 734 1022 quo
754 932 937 1011 disserant,
963 939 996 997 et
1023 930 1091 996 illis
1120 929 1283 996 similium

211 1056 268 1146 qui
303 1079 501 1125 sermonum
533 1056 672 1123 minime
708 1055 807 1145 periti
837 1055 995 1122 tibicinas
1028 1064 1061 1121 et
1094 1052 1284 1120 saltatrices

211 1181 390 1248 advocant.
435 1177 513 1250 Uno
533 1181 638 1249 verbo
659 1182 755 1249 Plato
782 1191 815 1249 et
843 1181 1024 1271 pulchrum
1044 1189 1077 1246 et
1100 1179 1283 1246 honestum

209 1306 263 1372 vel
273 1304 436 1372 decorum
449 1302 650 1394 intelligitet
663 1305 765 1372 verbo
784 1307 847 1372 hoc
862 1314 946 1393 καλῷ
956 1303 1095 1393 saepius
1110 1303 1151 1369 ad
1163 1324 1286 1392 expro-

211 1430 369 1498 mendam
386 1431 600 1498 honestatem
618 1440 793 1518 gestorum
812 1440 844 1496 et
859 1431 1021 1496 virtutum
1037 1450 1139 1518 quam
1160 1450 1284 1494 venus-

210 1566 313 1623 tatem
331 1579 447 1623 rerum
468 1556 587 1623 utitur.
612 1556 645 1625 Si
671 1579 739 1624 non
762 1556 802 1622 ad
823 1554 1110 1646 pulchritudinem
1129 1554 1234 1620 animi
1252 1564 1285 1620 et

209 1691 385 1770 gestorum
416 1682 556 1748 omnino
587 1683 732 1771 pertinet
759 1681 938 1771 pulchrum
968 1680 1001 1746 id
1030 1680 1071 1746 de
1094 1702 1161 1769 quo
1186 1679 1284 1746 Plato

211 1805 360 1887 disserit,
376 1806 495 1873 saltem
513 1805 617 1872 hocce
633 1805 812 1895 pulchrum
830 1805 919 1894 quud
941 1805 983 1872 ad
1001 1805 1147 1872 formam
1162 1813 1196 1870 et
1209 1827 1284 1893 spe·

210 1930 297 1996 ciem
320 1930 506 1996 humanam
521 1929 680 2019 pertinet,
696 1930 825 2018 agitur3
844 1941 876 1997 et
892 1929 1044 2020 prolecto
1059 1952 1174 1996 nonne
1189 1930 1284 2019 prius
1340 1971 1343 1976 >

212 2054 399 2120 humanum
417 2054 544 2143 aliquid
561 2054 740 2143 pulchrum
761 2064 825 2134 cst,
843 2065 959 2144 postea
981 2054 1069 2121 idem
1089 2055 1130 2121 ah
1145 2055 1285 2122 homine

213 2180 315 2245 rebus
330 2178 490 2244 tribuitur
511 2202 553 2245 ex
569 2179 792 2245 similitudine
813 2202 929 2246 earum
952 2178 1027 2246 sibi.

257 2431 410 2496 Primum
438 2430 472 2496 in
490 2429 626 2518 dialogo
649 2430 705 2518 qui
730 2430 871 2519 Hippias
892 2432 1001 2518 major
1016 2428 1227 2508 inscribitur,
1250 2429 1284 2495 in

213 2578 280 2644 quo
297 2555 455 2624 Socrates
471 2553 569 2621 nobis
587 2564 796 2621 monstratur
812 2555 919 2621 multo
930 2554 1046 2621 labore
1062 2533 1198 2642 assequi
1212 2563 1284 2620 ten-

212 2688 288 2745 tans
312 2687 347 2744 ut
368 2677 519 2767 sophista
533 2677 614 2766 quid
633 2677 866 2767 sitpulchrum
888 2678 1039 2758 definiat,
1057 2701 1120 2744 nee
1135 2688 1282 2761 tantum,

213 2813 249 2869 ut
269 2825 370 2892 saepe
392 2802 439 2882 lit,
463 2802 609 2892 exempli
631 2825 734 2869 causa
756 2827 795 2869 ea
814 2827 902 2892 quae
919 2803 1039 2870 merito
1056 2814 1114 2870 aut
1129 2826 1198 2870 non
1212 2803 1284 2892 pul-

212 2928 293 2994 chra
315 2927 527 3017 appellentur
554 2927 717 3016 proferat,
739 2928 836 2994 Plato
858 2928 1004 2995 instituit
1024 2928 1205 3018 pulchrum
1222 2951 1285 2995 neo

213 3076 288 3120 esse
312 3052 343 3119 id
365 3052 455 3141 quod
474 3052 642 3127 decentet
668 3054 850 3119 conveniat
875 3056 903 3139 (ὃ
919 3064 1037 3141 πρέπει,
1055 3065 1088 3122 τὸ
1107 3053 1235 3141 πρέπον)
1258 3053 1283 3136 ³,

212 3201 275 3245 nec
309 3177 339 3243 id
370 3176 464 3265 ¹quod
497 3177 579 3244 utile
616 3177 658 3244 sit
692 3179 721 3263 (ὅ
752 3188 897 3266 χρήσιμον
922 3181 1000 3267 illl,
1043 3200 1106 3243 nec
1136 3176 1168 3242 id
1194 3176 1284 3265 quod

213 3302 381 3369 conducat
414 3302 487 3368 sive
520 3301 737 3368 commodum
778 3301 820 3367 sit
852 3304 898 3383 (τὸ
927 3300 1088 3388 ὠφέλιμον,
1119 3313 1152 3369 τὸ
1184 3318 1284 3369 ποιοῦν

212 3429 372 3515 &pauent
390 3449 453 3492 neo
480 3425 512 3491 id
536 3449 637 3492 omne
665 3425 755 3514 quod
782 3425 927 3492 delectet
952 3428 980 3513 (ὃ
1003 3433 1036 3493 ἅν
1063 3434 1176 3513 χαίρειν
1205 3433 1285 3509 ἡμᾶς

243 3690 251 3722 ¹
271 3682 307 3746 τὰ
336 3689 387 3762 μὲν
409 3680 457 3745 οὖν
470 3685 566 3765 χωρία
586 3683 634 3744 καὶ
653 3681 688 3745 τὰ
704 3685 809 3765 δένδρα
829 3682 911 3744 οὐδέν
933 3678 1066 3761 μ’ἐθέλει
1085 3680 1241 3756 διδάσκειν,
1261 3685 1286 3742 el

212 3787 273 3852 e'a
289 3796 330 3872 τῷ
350 3793 431 3852 ἄστει
446 3792 606 3872 ἅνθρωποι.
627 3800 779 3858 Phaedrus,
796 3804 841 3849 230
855 3800 882 3849 d.

243 3900 253 3934 ⁹
271 3899 392 3962 Protag,
403 3897 448 3948 347
462 3912 483 3947 c.
503 3897 656 3960 Phaedrus,
668 3901 713 3946 259
729 3911 753 3945 a.

242 3999 253 4031 ³
271 3999 387 4061 Hippias
399 4000 492 4058 major,
507 3999 553 4045 290
567 3995 592 4044 d.

242 4096 252 4130 ⁴
270 4097 386 4159 Hippias
400 4098 496 4157 major,
507 4097 552 4143 295
568 4108 590 4144 e.

242 4197 252 4228 ⁵
272 4197 388 4258 Hippias
400 4198 495 4255 rnajor,
512 4198 557 4242 296
569 4207 591 4242 c.
