2804 4814
809 213 816 224 ι

753 289 771 360 1

686 333 730 345 1-
769 339 771 342 -
799 330 838 344 ,Δ

225 448 283 516 illa
304 472 401 516 mens
421 459 454 516 et
473 450 605 516 semina
627 451 773 518 reddens
798 450 950 517 Platonis
975 448 1153 538 ingenium
1173 459 1236 515 est.
1261 444 1302 514 Et

226 575 290 641 hoc
306 575 379 664 ipso
400 574 546 641 Phaedri
564 574 652 656 loco,
671 586 835 664 quantum
854 574 988 663 scriptis
1009 584 1182 663 praestent
1197 575 1302 639 verba

226 709 259 765 et
289 721 355 765 vox
385 699 462 766 viva
495 700 649 788 magistri
672 700 769 767 Plato
797 709 919 767 testem
946 722 982 766 se
1010 699 1188 788 profitetur
1217 696 1301 763 mira

227 823 394 890 modestia
418 825 500 890 tanti
526 824 683 914 discipuli
709 848 791 913 erga
815 825 1032 914 magistrum,
1053 834 1122 890 tam
1142 822 1302 889 concinni

226 949 430 1038 scriptorum
458 950 597 1017 artificis
618 974 700 1039 erga
720 973 799 1018 eum
824 951 880 1039 qui
906 950 973 1016 vita
995 950 1067 1040 ipsa
1095 972 1163 1016 non
1189 947 1302 1014 verbis

227 1084 358 1141 tantum
387 1074 549 1155 docebat,
589 1075 719 1166 opificis
749 1075 970 1143 eruditissimi
996 1097 1079 1163 erga
1112 1073 1302 1163 simplicem

225 1204 352 1248 virum.

271 1306 397 1374 Contra
411 1306 503 1373 illam
521 1307 671 1375 Socratis
688 1307 952 1375 familiaritatem
970 1330 1048 1373 cum
1066 1306 1187 1394 quovis
1202 1306 1302 1371 Athe-

226 1431 346 1498 niense
367 1430 517 1520 qualibet
532 1431 728 1499 conditione
742 1430 995 1520 congredientis
1017 1439 1050 1497 et
1061 1429 1301 1518 colloquentis,

228 1555 324 1622 Plato
343 1555 441 1623 nobis
462 1566 601 1646 apparet
618 1579 700 1623 sane
722 1556 939 1644 negotiorum
961 1554 1175 1645 publicorum
1193 1554 1303 1620 curio-

228 1704 299 1760 sus,
315 1680 373 1746 sed
398 1681 511 1770 potius
532 1681 652 1747 fovens
669 1681 818 1770 aliquam
834 1680 1004 1770 perfectae
1018 1680 1172 1747 Civitatis
1193 1679 1302 1745 ideam

227 1814 260 1870 et
285 1777 470 1871 admirator
489 1804 695 1900 reipublicae
721 1806 874 1895 cujusvis
895 1804 1029 1894 aliquod
1048 1805 1201 1871 Civitatis
1222 1826 1304 1870 suae

230 1928 452 2001 simulacrum
477 1928 656 1995 referentis
692 1929 827 2019 (nempe
849 1929 1022 2019 Spartae),
1048 1929 1102 1994 vel
1136 1950 1304 2017 quaerens

227 2053 289 2120 uhi
315 2053 370 2118 illa
391 2055 485 2120 nasci
511 2064 626 2144 posset
650 2055 844 2144 (Syracusis
870 2053 1052 2140 videlieet),
1076 2076 1176 2142 quam
1203 2053 1305 2118 robus

228 2178 438 2244 Athenarum
457 2188 605 2244 attentus
622 2204 631 2259 ;
653 2178 873 2267 Philosophia
893 2182 981 2268 ejus,
1000 2202 1067 2245 uno
1081 2177 1199 2257 verho,
1217 2178 1305 2244 Poli-

228 2304 295 2369 tica
320 2313 372 2369 est
406 2327 474 2370 non
504 2304 577 2370 sine
602 2302 723 2392 grandi
747 2326 807 2392 per
831 2304 1080 2393 philosophiam
1107 2304 1213 2392 ipsam
1242 2303 1305 2368 cir-

229 2429 335 2496 cuitu.
359 2430 396 2494 ln
419 2451 485 2517 quo
514 2429 657 2495 multum
679 2428 879 2495 dissimilem
902 2429 998 2495 Plato
1019 2451 1054 2494 se
1075 2428 1214 2517 praehet
1229 2428 1304 2493 rhe-

229 2553 312 2620 toris
333 2553 388 2645 vel
409 2552 557 2642 politici1
580 2553 695 2642 aliqua
715 2563 880 2646 ἐμπειρ1ᾳ1
897 2554 1045 2620 contenti
1067 2563 1103 2620 ut
1123 2552 1177 2619 cui
1198 2552 1304 2618 satius

229 2680 273 2746 sit
302 2701 362 2768 per
392 2678 562 2768 quaelibet
589 2680 732 2747 artificia
762 2680 905 2747 suadere
935 2680 1079 2771 quodvis
1108 2689 1141 2746 et
1171 2679 1305 2768 placere

230 2828 332 2894 quam
352 2804 488 2885 docere,
516 2816 548 2872 et
570 2805 767 2872 hominibus
784 2805 953 2896 imperare
974 2805 1178 2872 blandiendo
1203 2827 1303 2893 quam

208 2987 211 2992 .
230 2952 288 2996 eos
306 2930 465 2998 meliores
482 2930 624 2998 reddere
646 2954 834 3020 eorumque
850 2932 986 2999 utilitati
1002 2930 1213 2998 consulere3.

274 3180 370 3246 Nunc
392 3202 518 3246 verane
541 3203 582 3246 an
601 3181 677 3247 ficta
699 3181 756 3247 illa
775 3182 924 3250 Socratis
946 3180 1123 3270 cujusdam
1142 3179 1306 3246 adversus

230 3304 400 3393 sophistas
430 3306 595 3393 pugnacis
628 3305 743 3394 imago
773 3316 823 3372 est
845 3329 945 3395 quam
973 3305 1070 3372 nohis
1101 3306 1134 3370 in
1161 3304 1306 3391 dialogis

228 3429 325 3495 Plato
345 3429 473 3495 refert?
493 3431 543 3496 Re
563 3430 636 3520 ipsa
652 3430 750 3497 nobis
764 3429 899 3497 videtur
914 3431 1024 3509 Platn,
1040 3439 1220 3518 postquam
1238 3428 1307 3493 vita

260 3712 448 3771 1κινδυνεύει
472 3707 529 3792 γὰρ
544 3709 648 3772 ταύτὸν
670 3705 757 3785 εἶναι,
775 3709 836 3771 ’ὅσοι
855 3734 887 3771 τε
911 3709 1055 3771 πολιτικοὶ
1080 3718 1307 3790 προσποιοῦνται

230 3813 306 3878 stur
327 3816 374 3878 καὶ
394 3816 455 3878 ’ὁσοι
471 3819 610 3897 σοφισταί.
634 3827 711 3888 Gon,
727 3831 771 3875 519
784 3842 807 3876 e.

259 3925 270 3958 ⁹
288 3925 364 3987 Gon,
379 3928 424 3973 462
441 3938 463 3973 c.

260 4021 270 4054 ³
290 4022 366 4083 Gon,
377 4024 420 4070 501
434 4036 447 4070 e
458 4023 485 4070 et
497 4034 546 4085 seq
557 4048 586 4055 -
596 4024 641 4070 515
652 4034 666 4070 c
677 4021 712 4070 ad
724 4025 769 4071 519
779 4023 805 4071 d.
817 4022 929 4071 Necnon
940 4022 1059 4072 Pericles
1071 4024 1129 4084 ipse
1144 4024 1170 4069 tn
1181 4020 1305 4070 eamdem

231 4123 460 4184 vituperationem
477 4120 550 4169 cadit
570 4123 595 4168 tn
616 4121 666 4170 hoc
690 4122 808 4184 Gorgiae
826 4122 896 4181 loco,
915 4124 1041 4185 quamvis
1057 4121 1125 4170 alias
1142 4119 1305 4182 (Phaedrus,

231 4223 276 4268 270
287 4219 312 4282 a)
326 4233 341 4268 a
356 4221 470 4270 Platone
484 4219 627 4282 magnifice
640 4219 824 4269 collaudatus.
