2804 4814
656 278 832 342 -28-

208 429 359 495 melioris
373 431 436 516 (τὸν
452 431 576 513 ἀμείνω,
588 441 636 496 τὸν
651 433 789 518 κρείττω)
805 428 955 508 decreto,
973 451 1014 494 ex
1030 427 1122 494 illius
1137 428 1284 495 utilitate

207 577 288 621 vere
304 553 436 620 institui
449 551 530 641 quid
547 555 679 641 justum
697 547 753 633 sit,
769 552 850 642 quid
869 576 951 622 non.
969 551 1096 619 Eadem
1113 552 1167 619 vel
1183 552 1284 618 simi-

207 679 249 746 lis
280 677 448 745 sententia
484 679 597 744 minus
624 679 748 745 acriter
775 679 809 744 in
844 677 1026 745 Charmide
1058 676 1285 745 inducebatur

209 827 315 894 quum
337 803 460 871 Critias
486 802 530 869 ibi
551 804 662 869 virum
690 803 819 872 bonum
846 805 971 871 virtute
992 803 1184 893 praeditum
1200 803 1285 869 defi·

208 929 258 996 nit
277 951 356 994 eum
377 928 432 994 cui
459 927 543 994 bene
566 937 631 1007 est,
655 929 710 995 cui
731 928 818 995 bene
834 929 950 995 omnia
969 927 1173 999 concedunt.
1196 927 1285 994 Huic

209 1052 362 1142 opinioni
375 1049 470 1118 ⁴certe
486 1052 576 1117 vires
592 1051 719 1119 addidit
736 1053 769 1118 in
782 1053 874 1119 omni
887 1063 1039 1142 tempore
1056 1051 1107 1118 vis
1124 1052 1197 1141 ipsa
1209 1074 1285 1118 ver-

209 1177 346 1256 borum,
364 1199 470 1266 quum
487 1199 622 1265 semper
639 1177 847 1266 quicumque
866 1177 921 1243 vel
942 1176 1106 1267 potentia,
1129 1177 1184 1243 vel
1200 1177 1285 1243 divi-

208 1303 278 1382 tiis,
294 1302 346 1368 vel
364 1300 540 1368 nobilitate
561 1302 782 1382 enrinuerint,
800 1302 947 1392 primum
965 1301 1029 1369 sihi
1044 1302 1150 1369 veluti
1167 1301 1285 1368 titulos

207 1427 324 1516 gregis
347 1423 490 1493 nomina
517 1426 574 1497 illa
607 1435 710 1507 «τοὺς
735 1430 878 1514 ἀγαθοὺς,
899 1435 968 1508 τοὺς
988 1430 1137 1516 ἀρίστους,
1160 1425 1284 1505 bonos,

207 1552 402 1642 optimates,
427 1574 648 1640 generosost
672 1550 854 1618 tribuerint
871 1551 994 1640 quihus
1015 1565 1132 1641 postea
1152 1552 1205 1618 usi
1219 1552 1286 1617 sint

209 1675 250 1743 ad
268 1675 528 1765 exprimendum
547 1675 709 1764 quidquid
727 1676 761 1741 in
782 1676 884 1742 rebus
899 1687 957 1743 aut
972 1676 1079 1764 gestis
1100 1686 1158 1742 aut
1180 1676 1282 1742 mori·
1303 1761 1305 1767 s

209 1800 273 1867 bus
290 1824 370 1868 vere
387 1800 565 1890 pulchrum
590 1801 644 1867 vel
665 1800 791 1868 bonum
816 1799 914 1867 loret.
938 1802 1006 1867 Neo
1030 1803 1155 1868 mirum
1178 1823 1283 1890 quum

210 1948 315 2013 penes
339 1926 548 2013 potentiores
569 1934 600 1991 et
624 1923 808 1991 validiores
828 1927 885 2014 jus
906 1923 1021 2004 luerit,
1043 1925 1071 1990 si
1093 1926 1212 2005 verba,
1235 1934 1285 1992 ut-

208 2058 290 2138 puta
306 2050 414 2115 virtus
428 2049 533 2138 (quod
550 2050 651 2116 etiam
667 2049 700 2116 in
715 2049 832 2115 Italico
851 2049 968 2115 «virtu
980 2075 996 2112 ν
1010 2049 1078 2115 vim
1096 2050 1284 2137 ingenitam

133 2268 136 2274 .
209 2174 425 2263 recuperavit
448 2184 480 2240 et
509 2175 692 2263 pristinum
722 2175 876 2264 sensum)
907 2173 1056 2241 relerant
1083 2173 1166 2241 illud
1188 2173 1285 2241 ohse-

138 2326 142 2332 ·
209 2299 325 2387 quium
352 2299 505 2392 justitiae
531 2321 614 2387 erga
641 2299 834 2378 saevitiam,
859 2299 948 2387 juris
974 2321 1056 2386 erga
1082 2298 1283 2387 potentiam.

209 2422 348 2489 Illorum
366 2427 504 2510 ἀρίστων,
523 2432 678 2511 γενναίων,
701 2445 778 2489 cum
800 2423 896 2489 Plato
918 2432 1000 2489 natu
1021 2422 1136 2503 luerit,
1154 2433 1187 2489 et
1205 2446 1284 2490 cum

207 2547 332 2614 talibus
345 2548 495 2614 amicitia
506 2551 725 2638 conjunctus,
736 2549 809 2615 fieri
822 2559 932 2638 potest
945 2560 982 2616 ut
993 2551 1132 2617 nomine
1144 2550 1283 2629 Critiae,

209 2672 371 2752 Calliclis,
382 2673 644 2763 Thrasymachi,
659 2674 755 2741 Plato
768 2675 911 2750 alterum
927 2674 1105 2741 Platonem
1118 2677 1284 2765 juvenem

208 2796 318 2863 adhuc
342 2819 419 2863 cum
444 2798 584 2866 Socrate
609 2798 838 2888 disputantem
861 2798 959 2865 nobis
987 2798 1126 2865 inducat
1146 2799 1282 2889 qualem

207 2921 313 2988 luisse
351 2945 429 2988 cum
466 2922 628 2989 credibile
664 2934 715 2990 cst
744 2935 822 2990 ante
860 2925 1009 2991 Socratis
1046 2925 1189 3004 exitum,
1226 2926 1282 3014 qui

209 3057 318 3114 morte
336 3047 499 3135 sapientis
516 3058 744 3115 commutatus
762 3048 882 3115 luisset
903 3059 934 3114 et
952 3049 1048 3136 quasi
1067 3048 1227 3114 inversus
1239 3049 1285 3116 ita

207 3181 246 3238 ut
261 3171 409 3260 denique
426 3172 631 3261 intelligeret
643 3173 761 3263 procul
774 3173 792 3238 d
800 3173 877 3240 ubio
890 3174 1062 3239 neminem
1080 3196 1155 3240 esse
1168 3175 1284 3242 melio·

161 3291 162 3296 ¹
208 3319 279 3364 rem
306 3320 368 3363 nec
396 3295 584 3364 feliciorem
608 3321 671 3365 nec
700 3298 901 3364 validiorem
928 3302 1022 3386 justo
1048 3322 1086 3363 ac
1116 3299 1281 3388 sapiente.

207 3422 294 3492 Vide
310 3422 400 3488 enim
419 3433 456 3489 ut
477 3422 529 3488 his
550 3424 705 3511 personis
718 3446 820 3512 supra
835 3423 933 3489 dictis
950 3423 1098 3511 elligiem
1117 3423 1282 3490 nobilium

205 3551 375 3638 juvenum
392 3548 652 3615 Atheniensium
679 3548 934 3638 praebentibus,
953 3572 1070 3615 eorum
1089 3549 1285 3639 superbiam

208 3672 435 3738 referentibus
456 3682 557 3761 atque
578 3673 767 3740 orationem
795 3674 942 3740 l'erocem
966 3685 999 3741 et
1024 3674 1186 3741 audacem
1209 3676 1283 3742 sine

208 3797 276 3863 ullo
294 3807 577 3886 temperamento,
592 3798 660 3864 ulla
683 3800 841 3864 cautione
868 3809 926 3865 aut
951 3800 1137 3865 lenimento
1160 3800 1283 3889 quibus

208 3922 379 4010 sophistae
397 3922 533 3988 easdem
555 3923 740 3988 sententias
767 3923 965 4011 profitentes
988 3924 1184 4004 utebantur,
1202 3949 1282 3992 con·

208 4049 429 4137 temptionem
450 4049 552 4114 etiam
575 4048 810 4139 philosophiae
830 4072 964 4116 necnon
982 4050 1225 4139 sophistarum,
1241 4093 1283 4102 -

208 4172 321 4250 uthis,
334 4171 423 4251 dico,
436 4173 511 4261 plus
524 4196 624 4261 quam
636 4173 799 4241 ullisaliis
811 4174 1016 4241 adversariis
1028 4175 1165 4256 tribuat,
1180 4187 1283 4266 utque
