2804 4814
665 297 817 362 ..r-

204 449 300 517 illum
336 452 511 520 Socratem
555 451 595 517 ad
629 451 892 540 disceptationes
930 474 1073 540 quarum
1116 447 1279 516 nimirum

202 597 326 664 expers
340 574 404 640 fuit
427 574 523 663 quasi
540 573 677 641 deducit
693 575 751 641 tali
772 585 887 642 tamen
904 576 1004 655 facie,
1022 574 1147 642 talibus
1173 573 1279 640 sensi-

203 699 267 766 bus
289 709 324 765 ut
340 721 487 788 persona
503 721 619 765 secum
636 722 780 766 concors
798 701 852 766 sit.

247 823 387 904 Contra,
399 824 561 913 sophistis
571 825 683 913 potius
693 825 950 891 assimulavisse
965 825 1281 910 Socratemaequa-

201 948 251 1015 les
267 949 318 1016 sui
337 949 509 1029 videntur,
530 972 600 1016 non
626 950 766 1023 omnino
788 950 973 1017 immerito.
990 950 1091 1018 Certe
1112 948 1226 1014 minus
1247 947 1280 1013 in

202 1075 372 1142 novitates
401 1097 530 1164 pronus
559 1084 610 1141 est
645 1097 747 1164 quam
776 1074 948 1164 sophistae
979 1074 1026 1140 illi
1058 1073 1222 1141 scientiae
1248 1082 1281 1138 et
1342 1167 1344 1171 ι

202 1200 383 1289 praecipue
410 1199 568 1289 politicae
589 1200 754 1273 scientiae
779 1199 975 1266 venditores
1003 1209 1035 1265 et
1059 1196 1278 1275 mercenarii,

203 1323 261 1390 sed
287 1334 400 1391 tamen
426 1347 469 1391 ex
498 1325 556 1392 tali
581 1347 728 1414 persona
755 1325 865 1415 qualis
895 1325 1052 1394 Socrates
1079 1323 1142 1390 luit
1169 1345 1280 1389 novus

202 1472 318 1516 rerum
330 1449 413 1516 ordo
430 1450 617 1539 praesagiri
631 1459 764 1539 poterat
779 1460 811 1517 ot
826 1450 939 1539 reipsa
951 1449 1103 1517 Platonis
1117 1448 1281 1536 magister

202 1597 280 1641 oum
308 1573 478 1663 Sophistis
502 1569 671 1663 particeps
696 1574 806 1642 factus
833 1584 885 1641 est
909 1574 1104 1642 communis
1127 1600 1141 1636 u
1165 1571 1281 1639 lauda-

203 1710 316 1766 torum
334 1700 498 1788 temporis
524 1700 588 1766 acti
614 1727 628 1763 a
652 1700 733 1776 odii,
757 1701 828 1788 qui,
849 1699 929 1767 dum
953 1700 1132 1766 historicas
1159 1720 1282 1765 causas

204 1825 431 1891 mutationum
454 1848 523 1891 non
544 1823 673 1904 vident,
697 1824 875 1892 hominum
901 1825 1093 1892 voluntates
1114 1832 1147 1890 et
1170 1846 1283 1890 mores

204 1950 374 2016 incusant.
404 1951 442 2014 ln
473 1950 612 2017 Socrate
636 1950 793 2016 videlicet
826 1953 1084 2039 conjunguntur
1114 1947 1201 2014 duae
1229 1971 1284 2014 res

205 2097 323 2163 parum
348 2073 492 2152 similes,
515 2073 735 2162 pristinorum
758 2096 893 2140 morum
920 2072 1150 2152 conservatio,
1181 2082 1283 2161 atque

205 2201 331 2288 ingenii
358 2201 449 2266 acies
474 2199 604 2266 nullam
632 2201 814 2288 caliginem
838 2199 893 2267 vel
923 2198 1181 2287 ambiguitatem
1214 2221 1283 2265 non

204 2325 390 2391 discutiens
427 2334 460 2391 et
501 2323 695 2413 disputandi
739 2324 902 2392 studium.
948 2324 1155 2412 Disceptatio
1192 2323 1283 2389 enim

205 2473 304 2540 posse
320 2449 499 2515 videbatur
514 2449 689 2515 civitatum
703 2449 857 2516 instituta
873 2449 1077 2514 imminuere
1094 2446 1284 2514 etlahelac·

205 2583 290 2654 tare,
313 2583 370 2639 aut
386 2573 505 2639 saltem
523 2595 542 2638 a
557 2572 685 2638 forensi
702 2573 770 2639 vita
788 2583 821 2639 et
841 2573 933 2639 omni
950 2572 1039 2638 virili
1062 2572 1175 2639 officio
1191 2571 1283 2638 cives

206 2707 372 2763 avertere.
391 2699 430 2763 Et
450 2697 575 2786 alioqui
591 2720 669 2764 cum
685 2697 919 2765 laudatoribus
934 2698 1097 2787 temporis
1114 2697 1177 2763 acti
1195 2695 1282 2763 idem

206 2821 325 2889 foedus
342 2823 421 2888 lacit
437 2822 600 2888 adversus
617 2824 787 2912 sophistas
805 2846 895 2912 quos·
905 2822 1001 2889 Plato
1015 2825 1164 2912 Anytum
1176 2823 1285 2888 insec-

205 2956 334 3013 tantem
359 2947 440 3013 dum
462 2947 668 3036 colloquitur
693 2970 772 3014 cum
794 2949 934 3017 Socrate
955 2948 988 3012 in
1006 2950 1151 3014 Menono
1172 2947 1281 3035 fingit.

207 3073 306 3140 Certe
319 3096 338 3139 a
353 3074 492 3142 Socrate
508 3073 666 3140 conditur
678 3074 914 3164 philosophiae
927 3074 1105 3163 disciplina
1118 3073 1285 3162 quaedam

208 3197 306 3273 lisura
335 3207 436 3286 atque
466 3197 499 3262 in
533 3197 695 3264 interiora
728 3197 836 3286 magis
861 3196 1072 3264 descendens
1100 3219 1202 3286 quam
1230 3196 1287 3262 illa

208 3320 440 3410 sophistorum
481 3321 706 3410 quorumdam
741 3322 896 3412 rapsodis
933 3321 1095 3389 similium
1131 3321 1285 3388 recitatio
1320 3409 1323 3414 ¹

209 3446 360 3535 priorum
382 3446 615 3513 doctrinarum
624 3471 633 3527 ;
656 3469 767 3535 neque
788 3471 824 3514 so
844 3449 996 3514 continet
1012 3449 1045 3512 in
1069 3456 1205 3538 ἐμπειρίᾳ
1226 3446 1285 3511 ali-

210 3593 276 3659 qua
294 3570 335 3636 ad
351 3581 458 3637 artem
472 3570 597 3660 politici
613 3572 758 3638 oratoris
773 3573 949 3656 attinente,
972 3573 1079 3639 inscia
1096 3582 1208 3638 autem
1230 3571 1285 3637 vol

210 3696 383 3762 incuriosa
406 3695 567 3785 propositi
599 3695 686 3783 quod
718 3697 772 3762 vel
802 3708 917 3764 orator
943 3697 996 3765 vel
1024 3697 1181 3787 politicus
1207 3707 1284 3762 ante

211 3820 328 3886 oculos
352 3819 477 3885 hahere
499 3819 609 3886 debet.
639 3820 702 3888 Sed
726 3821 808 3887 haec
833 3822 1012 3912 disciplina
1032 3845 1108 3888 curn
1131 3820 1187 3887 illa
1208 3821 1284 3888 rhe-

210 3955 324 4012 torum
346 3946 399 4012 vel
426 3945 655 4035 sophistarum
678 3970 718 4013 eo
747 3949 906 4036 congruit
931 3948 1021 4037 quod
1052 3948 1171 4013 ambae
1198 3946 1286 4012 ultra

212 4069 304 4136 illam
327 4079 457 4140 παιδείαν
489 4093 556 4159 qua
579 4072 729 4138 contenti
757 4083 853 4139 erant
880 4073 1001 4139 aetatis
1026 4073 1149 4162 prioris
1170 4071 1285 4138 lauda-

211 4204 303 4261 tores
320 4205 350 4261 et
373 4218 459 4284 quae
478 4195 607 4261 musica
627 4206 660 4261 et
677 4198 892 4286 gymnastico
919 4197 1115 4276 constabat,
1146 4219 1287 4287 progre-
