2804 4814
611 282 784 348 -l3-

161 456 274 501 sermo
289 456 439 523 quoque,
453 435 504 501 vis
526 434 723 516 verborum,
739 436 839 502 etiam
862 434 896 500 in
916 434 1042 524 duplici
1058 435 1117 503 illo
1133 460 1236 504 sensu

160 557 364 648 quibusdam
385 558 497 625 verbis
510 559 665 649 subjecto
681 558 895 650 respicienda
911 568 944 625 et
960 559 1057 648 quasi
1070 560 1233 641 verenda,

161 681 261 749 modo
277 681 475 749 dialecticus
492 706 574 750 vero
587 683 823 774 perspiciendo
838 682 942 773 probe
959 682 1115 750 addictus
1132 684 1187 750 sit.

206 809 254 876 Ne
276 807 394 886 multa,
416 808 451 873 iu
482 809 622 878 Socrate
650 809 712 875 luit
733 809 799 875 alia
825 808 938 898 specie
963 808 1129 875 nonnulla
1157 832 1235 875 cum

160 931 322 1022 sophistis
342 931 530 999 similitudo
546 933 653 1022 vulgo
666 933 815 1000 maxime
827 932 1025 1022 conspicua,
1038 933 1104 999 alia
1121 933 1234 1022 specie

159 1055 401 1123 dissimilitudo
429 1079 531 1146 quam
559 1080 649 1125 mors
681 1061 757 1148 ejus
777 1056 966 1138 sanctitatis
991 1068 1234 1146 argumentum

158 1181 328 1272 patefecit.
344 1181 413 1247 Nec
425 1180 643 1250 adversarius
656 1182 809 1272 prolecto
824 1182 1055 1271 sophistarum
1067 1182 1231 1250 universo

163 1305 282 1396 generi
298 1305 375 1385 luit,
402 1305 448 1373 ita
467 1328 612 1395 magnae
634 1307 808 1374 varietatis
833 1307 948 1398 capaci
966 1318 1003 1373 ut
1025 1306 1060 1372 in
1080 1329 1120 1375 eo
1139 1307 1237 1397 copia

162 1431 385 1498 eminentium
405 1439 440 1500 et
455 1431 756 1520 integerrimorum
768 1431 920 1499 virorum
937 1430 1084 1496 inveniri
1098 1444 1234 1520 posset3
1333 1509 1336 1516 ¹

163 1556 261 1623 sedis
279 1555 343 1623 fuit
354 1578 414 1645 per
425 1579 526 1645 quem
540 1558 773 1645 corrigeretur
784 1566 817 1624 et
833 1555 1049 1645 mitigaretur
1062 1556 1168 1622 nimia
1179 1556 1237 1622 illa

162 1680 368 1780 confidentia
388 1702 509 1748 eorum
530 1682 586 1769 qui
616 1704 742 1747 munus
772 1680 975 1770 sapientiam
1004 1680 1147 1747 docendi
1172 1680 1236 1746 sibi

163 1807 384 1875 assumebant
409 1816 442 1874 et
462 1829 542 1896 prae
573 1830 608 1874 se
638 1806 805 1873 ferebant.
833 1808 899 1873 Per
925 1830 1003 1874 eum
1038 1806 1138 1873 etiam
1172 1807 1236 1873 ista

163 1933 416 2021 coarguebatur
429 1955 511 2000 eura
531 1933 635 1999 nimia
653 1933 740 2022 apud
758 1932 946 2022 sophistam
965 1932 1033 2019 (cui
1050 1913 1237 2022 discipulos
1334 1944 1336 1946 ’

164 2058 291 2129 illicere
308 2080 448 2124 necesse
467 2062 531 2144 est)
552 2067 585 2124 et
606 2057 693 2146 apud
710 2057 914 2146 discipulum
930 2060 1019 2147 ejus,
1036 2056 1236 2145 disciplinae

162 2181 239 2247 talis
255 2204 321 2269 qua
337 2181 450 2269 quivis
471 2181 524 2247 vel
546 2181 674 2269 ingenii
696 2180 877 2248 mediocris
903 2181 997 2247 brevi
1020 2192 1172 2270 tempore
1196 2181 1237 2247 ad

163 2306 350 2373 oratorium
372 2305 547 2394 negotium
565 2306 634 2373 imo
659 2305 699 2372 ad
722 2305 967 2395 capessendam
989 2305 1236 2395 rempublicam

163 2431 390 2499 instrueretur
424 2441 457 2498 et
487 2432 583 2520 quasi
616 2431 855 2498 deduceretur.
885 2431 926 2497 Et
956 2440 1047 2497 certe
1083 2430 1238 2520 cujusvis

163 2555 325 2622 scientiae
352 2567 410 2622 aut
435 2557 517 2623 artis
538 2556 706 2645 professio
734 2555 798 2621 hac
827 2555 1032 2622 necessitate
1057 2554 1186 2620 laborat
1203 2564 1238 2620 ut

126 2694 129 2700 '
164 2703 231 2746 uua
258 2703 321 2747 suo
342 2682 529 2770 proposito,
550 2680 583 2747 id
609 2691 660 2747 cst
681 2703 775 2760 vero,
798 2680 831 2746 id
853 2691 905 2747 est
927 2679 1049 2746 rationi
1076 2679 1237 2746 meliores

164 2814 196 2871 et
220 2804 407 2871 discentem
434 2815 466 2871 ct
491 2804 670 2872 docentem
698 2804 860 2871 reddendi
886 2804 1054 2870 inservire
1079 2814 1236 2892 cogatur,

164 2937 266 3015 atquc
286 2929 406 2996 eodem
430 2939 582 3020 tempore
600 2930 833 2997 emolumento
854 2939 885 2996 et
906 2929 1062 3018 magistri
1078 2938 1111 2994 et
1131 2927 1239 2994 disci-

163 3052 246 3141 puli,
278 3077 382 3142 quum
412 3055 467 3121 ille
498 3054 687 3122 mercedem
719 3079 801 3122 suae
829 3077 952 3144 operae
980 3054 1021 3120 ad
1052 3053 1237 3120 vivendum
1337 3133 1344 3150 ¹

165 3178 286 3244 merito
307 3157 463 3266 quaerat,
483 3189 515 3245 et
540 3179 595 3245 hic
615 3202 656 3245 ex
678 3178 832 3245 doctrina
848 3178 961 3267 potius
988 3178 1236 3243 incrementum

164 3324 265 3390 opum
283 3311 316 3368 et
338 3303 515 3392 potestatis
538 3312 570 3369 et
597 3324 712 3368 rerum
744 3324 883 3368 suarum
906 3324 1008 3389 quam
1035 3300 1237 3390 sapientiam
1287 3299 1296 3320 ⁶
1327 3327 1331 3358 1

165 3427 272 3515 ipsam
286 3438 471 3517 exspectet.
486 3427 612 3494 Contra
622 3427 696 3511 hos,
711 3436 767 3492 aut
779 3426 891 3515 potius
902 3429 1069 3516 juxtaeos
1081 3426 1137 3514 qui
1150 3449 1239 3492 rem-

164 3550 332 3640 publicam
349 3575 384 3618 ae
400 3562 560 3640 gesturos
575 3550 836 3641 profitebantur,
854 3561 912 3616 aut
927 3572 962 3616 se
974 3549 1058 3616 tales
1075 3549 1237 3615 informa-

165 3687 258 3743 turos
279 3677 371 3743 viros
387 3677 444 3765 qni
466 3699 567 3766 supra
584 3677 676 3742 cives
693 3699 774 3743 suos
797 3699 833 3742 se
849 3675 1052 3742 extollerent
1071 3684 1238 3763 potestate

127 3845 129 3849 -
164 3801 329 3868 orationis
351 3801 548 3890 subigentes
566 3824 638 3881 eoS,
663 3810 695 3866 et
716 3799 807 3866 aliud
828 3799 1038 3888 propositum
1059 3799 1235 3865 veritatem

164 3949 253 4006 esse,
267 3925 357 3993 aliud
374 3926 554 3994 utilitatem
571 3924 803 4003 declarabant,
819 3924 908 3990 aliud
927 3923 1132 4002 doctrinam,
1146 3922 1238 3989 aliud

70 4134 74 4141 Ι
164 4051 316 4139 negotia,
337 4073 453 4117 rerum
478 4051 731 4129 tractationem,
758 4089 801 4098 -
829 4071 970 4115 necesse
997 4058 1070 4114 erat
1090 4058 1127 4115 ut
1148 4048 1238 4136 quis-

166 4199 267 4266 quam
288 4199 376 4243 unus
388 4176 538 4264 el'hgiem
556 4175 703 4263 aliquam
717 4174 880 4240 scientiae
894 4186 924 4240 ct
945 4173 1146 4262 disciplinae
1159 4194 1237 4238 cum
