<?xml version="1.0" encoding="UTF-8"?>
<!DOCTYPE html PUBLIC "-//W3C//DTD XHTML 1.0 Transitional//EN"
    "http://www.w3.org/TR/xhtml1/DTD/xhtml1-transitional.dtd">
<html xmlns="http://www.w3.org/1999/xhtml" xml:lang="en" lang="en">
 <head>
  <title>
</title>
<meta http-equiv="Content-Type" content="text/html;charset=utf-8" />
  <meta name='ocr-system' content='tesseract 3.04.00' />
  <meta name='ocr-capabilities' content='ocr_page ocr_carea ocr_par ocr_line ocrx_word'/>
</head>
<body>
  <div class='ocr_page' id='page_1' title='image "./quaesitdoctrina00prgoog_0086.png"; bbox 0 0 2804 4814; ppageno 0'>
   <div class='ocr_carea' id='block_1_1' title="bbox 554 290 789 385">
    <p class='ocr_par' dir='ltr' id='par_1_1' title="bbox 554 290 789 385">
     <span class='ocr_line' id='line_1_1' title="bbox 554 290 789 385; baseline -0.004 -30"><span class='ocrx_word' id='word_1_1' title='bbox 554 290 789 385; x_wconf 15' lang='lat' dir='ltr'>...ea-</span> 
     </span>
    </p>
   </div>
   <div class='ocr_carea' id='block_1_2' title="bbox 132 444 1240 1387">
    <p class='ocr_par' dir='ltr' id='par_1_2' title="bbox 132 444 1240 1387">
     <span class='ocr_line' id='line_1_2' title="bbox 132 444 1238 534; baseline -0.001 -23"><span class='ocrx_word' id='word_1_2' title='bbox 132 498 135 503; x_wconf 92' lang='lat'>.</span> <span class='ocrx_word' id='word_1_3' title='bbox 164 444 202 511; x_wconf 93' lang='lat' dir='ltr'>ad</span> <span class='ocrx_word' id='word_1_4' title='bbox 230 444 480 534; x_wconf 78' lang='lat' dir='ltr'><strong>philosophiam</strong></span> <span class='ocrx_word' id='word_1_5' title='bbox 508 444 648 512; x_wconf 90' lang='lat' dir='ltr'>omuino</span> <span class='ocrx_word' id='word_1_6' title='bbox 682 444 798 511; x_wconf 89' lang='lat' dir='ltr'>dediti.</span> <span class='ocrx_word' id='word_1_7' title='bbox 818 444 953 534; x_wconf 82' lang='lat' dir='ltr'>Aliquid</span> <span class='ocrx_word' id='word_1_8' title='bbox 979 444 1179 534; x_wconf 88' lang='lat' dir='ltr'>disciplinae</span> <span class='ocrx_word' id='word_1_9' title='bbox 1206 453 1238 510; x_wconf 89' lang='lat' dir='ltr'>et</span> 
     </span>
     <span class='ocr_line' id='line_1_3' title="bbox 160 559 1236 658; baseline -0.002 -22"><span class='ocrx_word' id='word_1_10' title='bbox 160 569 337 636; x_wconf 89' lang='lat' dir='ltr'>doctrinae</span> <span class='ocrx_word' id='word_1_11' title='bbox 353 569 433 636; x_wconf 91' lang='lat' dir='ltr'>huic</span> <span class='ocrx_word' id='word_1_12' title='bbox 449 569 567 658; x_wconf 82' lang='lat' dir='ltr'>generi</span> <span class='ocrx_word' id='word_1_13' title='bbox 590 568 782 636; x_wconf 87' lang='lat' dir='ltr'>fabularum</span> <span class='ocrx_word' id='word_1_14' title='bbox 800 569 938 650; x_wconf 81' lang='lat' dir='ltr'>inferet,</span> <span class='ocrx_word' id='word_1_15' title='bbox 957 569 1017 637; x_wconf 93' lang='lat' dir='ltr'>sed</span> <span class='ocrx_word' id='word_1_16' title='bbox 1033 559 1236 637; x_wconf 88' lang='lat' dir='ltr'>translatum</span> 
     </span>
     <span class='ocr_line' id='line_1_4' title="bbox 163 695 1238 786; baseline -0.002 -24"><span class='ocrx_word' id='word_1_17' title='bbox 163 696 197 762; x_wconf 90' lang='lat' dir='ltr'>in</span> <span class='ocrx_word' id='word_1_18' title='bbox 218 719 338 762; x_wconf 92' lang='lat' dir='ltr'>eorum</span> <span class='ocrx_word' id='word_1_19' title='bbox 361 717 553 762; x_wconf 92' lang='lat' dir='ltr'>sermonem</span> <span class='ocrx_word' id='word_1_20' title='bbox 582 697 638 785; x_wconf 81' lang='lat' dir='ltr'>qui</span> <span class='ocrx_word' id='word_1_21' title='bbox 665 697 849 763; x_wconf 89' lang='lat' dir='ltr'>simulacra</span> <span class='ocrx_word' id='word_1_22' title='bbox 869 706 902 763; x_wconf 89' lang='lat' dir='ltr'>et</span> <span class='ocrx_word' id='word_1_23' title='bbox 918 696 1056 763; x_wconf 88' lang='lat' dir='ltr'>umbras</span> <span class='ocrx_word' id='word_1_24' title='bbox 1074 719 1137 786; x_wconf 93' lang='lat' dir='ltr'>pro</span> <span class='ocrx_word' id='word_1_25' title='bbox 1149 695 1238 762; x_wconf 90' lang='lat' dir='ltr'>veris</span> 
     </span>
     <span class='ocr_line' id='line_1_5' title="bbox 162 819 1238 910; baseline 0.001 -24"><span class='ocrx_word' id='word_1_26' title='bbox 162 829 283 910; x_wconf 88' lang='lat' dir='ltr'>putant</span> <span class='ocrx_word' id='word_1_27' title='bbox 298 819 339 886; x_wconf 90' lang='lat' dir='ltr'>ab</span> <span class='ocrx_word' id='word_1_28' title='bbox 358 820 424 886; x_wconf 90' lang='lat' dir='ltr'>illis</span> <span class='ocrx_word' id='word_1_29' title='bbox 437 821 494 908; x_wconf 90' lang='lat' dir='ltr'>qui</span> <span class='ocrx_word' id='word_1_30' title='bbox 506 819 714 888; x_wconf 76' lang='lat' dir='ltr'><strong>descendere</strong></span> <span class='ocrx_word' id='word_1_31' title='bbox 729 822 914 888; x_wconf 85' lang='lat' dir='ltr'>in&#39;coetum</span> <span class='ocrx_word' id='word_1_32' title='bbox 929 844 1048 889; x_wconf 91' lang='lat' dir='ltr'>eorum</span> <span class='ocrx_word' id='word_1_33' title='bbox 1060 844 1128 888; x_wconf 93' lang='lat' dir='ltr'>non</span> <span class='ocrx_word' id='word_1_34' title='bbox 1142 840 1238 887; x_wconf 89' lang='lat' dir='ltr'>recu·</span> 
     </span>
     <span class='ocr_line' id='line_1_6' title="bbox 165 945 1238 1036; baseline -0.001 -24"><span class='ocrx_word' id='word_1_35' title='bbox 165 954 328 1012; x_wconf 81' lang='lat' dir='ltr'>severunt</span> <span class='ocrx_word' id='word_1_36' title='bbox 344 968 472 1034; x_wconf 86' lang='lat' dir='ltr'>eosque</span> <span class='ocrx_word' id='word_1_37' title='bbox 488 945 613 1011; x_wconf 92' lang='lat' dir='ltr'>ducere</span> <span class='ocrx_word' id='word_1_38' title='bbox 634 967 693 1034; x_wconf 87' lang='lat' dir='ltr'>per</span> <span class='ocrx_word' id='word_1_39' title='bbox 709 945 893 1012; x_wconf 89' lang='lat' dir='ltr'>simulacra</span> <span class='ocrx_word' id='word_1_40' title='bbox 922 945 1002 1013; x_wconf 85' lang='lat' dir='ltr'>boni</span> <span class='ocrx_word' id='word_1_41' title='bbox 1032 955 1065 1012; x_wconf 87' lang='lat' dir='ltr'>et</span> <span class='ocrx_word' id='word_1_42' title='bbox 1081 946 1180 1036; x_wconf 89' lang='lat' dir='ltr'>justi,</span> <span class='ocrx_word' id='word_1_43' title='bbox 1202 954 1238 1011; x_wconf 85' lang='lat' dir='ltr'>ut</span> 
     </span>
     <span class='ocr_line' id='line_1_7' title="bbox 164 1069 1237 1159; baseline -0.001 -23"><span class='ocrx_word' id='word_1_44' title='bbox 164 1069 374 1159; x_wconf 89' lang='lat' dir='ltr'>exemplaria</span> <span class='ocrx_word' id='word_1_45' title='bbox 407 1069 530 1137; x_wconf 85' lang='lat' dir='ltr'>horum</span> <span class='ocrx_word' id='word_1_46' title='bbox 565 1079 664 1136; x_wconf 84' lang='lat' dir='ltr'>antea</span> <span class='ocrx_word' id='word_1_47' title='bbox 694 1069 926 1159; x_wconf 89' lang='lat' dir='ltr'>contemplati.</span> <span class='ocrx_word' id='word_1_48' title='bbox 954 1069 1060 1139; x_wconf 88' lang='lat' dir='ltr'>Sicuti</span> <span class='ocrx_word' id='word_1_49' title='bbox 1090 1069 1237 1150; x_wconf 83' lang='lat' dir='ltr'>inscitia,</span> 
     </span>
     <span class='ocr_line' id='line_1_8' title="bbox 165 1192 1240 1283; baseline 0 -23"><span class='ocrx_word' id='word_1_50' title='bbox 165 1194 307 1261; x_wconf 89' lang='lat' dir='ltr'>scientia</span> <span class='ocrx_word' id='word_1_51' title='bbox 319 1194 352 1260; x_wconf 95' lang='lat' dir='ltr'>in</span> <span class='ocrx_word' id='word_1_52' title='bbox 364 1194 557 1283; x_wconf 85' lang='lat' dir='ltr'>proximum</span> <span class='ocrx_word' id='word_1_53' title='bbox 575 1193 736 1272; x_wconf 88' lang='lat' dir='ltr'>transilit,</span> <span class='ocrx_word' id='word_1_54' title='bbox 750 1195 807 1260; x_wconf 89' lang='lat' dir='ltr'>illa</span> <span class='ocrx_word' id='word_1_55' title='bbox 821 1194 1012 1274; x_wconf 90' lang='lat' dir='ltr'>mendacio,</span> <span class='ocrx_word' id='word_1_56' title='bbox 1025 1194 1109 1260; x_wconf 90' lang='lat' dir='ltr'>haec</span> <span class='ocrx_word' id='word_1_57' title='bbox 1124 1192 1240 1260; x_wconf 87' lang='lat' dir='ltr'>fabula</span> 
     </span>
     <span class='ocr_line' id='line_1_9' title="bbox 165 1319 356 1387; baseline 0 -2"><span class='ocrx_word' id='word_1_58' title='bbox 165 1319 356 1387; x_wconf 82' lang='lat' dir='ltr'>verisimili.</span> 
     </span>
    </p>
   </div>
   <div class='ocr_carea' id='block_1_3' title="bbox 165 1565 1327 2534">
    <p class='ocr_par' dir='ltr' id='par_1_3' title="bbox 165 1565 1327 2534">
     <span class='ocr_line' id='line_1_10' title="bbox 210 1565 1239 1658; baseline -0.001 -23"><span class='ocrx_word' id='word_1_59' title='bbox 210 1565 355 1635; x_wconf 85' lang='lat' dir='ltr'>Attende</span> <span class='ocrx_word' id='word_1_60' title='bbox 375 1567 408 1633; x_wconf 94' lang='lat' dir='ltr'>in</span> <span class='ocrx_word' id='word_1_61' title='bbox 425 1568 570 1634; x_wconf 88' lang='lat' dir='ltr'>transitu</span> <span class='ocrx_word' id='word_1_62' title='bbox 584 1577 619 1634; x_wconf 93' lang='lat' dir='ltr'>ut</span> <span class='ocrx_word' id='word_1_63' title='bbox 639 1567 754 1634; x_wconf 88' lang='lat' dir='ltr'>fabula</span> <span class='ocrx_word' id='word_1_64' title='bbox 770 1567 897 1656; x_wconf 90' lang='lat' dir='ltr'>aliquid</span> <span class='ocrx_word' id='word_1_65' title='bbox 913 1568 1039 1635; x_wconf 87' lang='lat' dir='ltr'>veteris</span> <span class='ocrx_word' id='word_1_66' title='bbox 1052 1568 1239 1658; x_wconf 78' lang='lat' dir='ltr'>sapientiae</span> 
     </span>
     <span class='ocr_line' id='line_1_11' title="bbox 165 1673 1327 1782; baseline 0 -22"><span class='ocrx_word' id='word_1_67' title='bbox 165 1676 313 1760; x_wconf 89' lang='lat' dir='ltr'>retinere</span> <span class='ocrx_word' id='word_1_68' title='bbox 334 1692 501 1771; x_wconf 82' lang='lat' dir='ltr'>videatur,</span> <span class='ocrx_word' id='word_1_69' title='bbox 526 1702 558 1759; x_wconf 89' lang='lat' dir='ltr'>et</span> <span class='ocrx_word' id='word_1_70' title='bbox 579 1693 698 1759; x_wconf 87' lang='lat' dir='ltr'>aetatis</span> <span class='ocrx_word' id='word_1_71' title='bbox 718 1692 842 1782; x_wconf 89' lang='lat' dir='ltr'>prioris</span> <span class='ocrx_word' id='word_1_72' title='bbox 868 1692 1020 1763; x_wconf 90' lang='lat' dir='ltr'>nondum</span> <span class='ocrx_word' id='word_1_73' title='bbox 1042 1693 1237 1772; x_wconf 72' lang='lat' dir='ltr'>inclinatae,</span> <span class='ocrx_word' id='word_1_74' title='bbox 1325 1673 1327 1676; x_wconf 68' lang='lat'>,</span> 
     </span>
     <span class='ocr_line' id='line_1_12' title="bbox 167 1816 1237 1906; baseline 0.001 -22"><span class='ocrx_word' id='word_1_75' title='bbox 167 1817 324 1906; x_wconf 90' lang='lat' dir='ltr'>adquam</span> <span class='ocrx_word' id='word_1_76' title='bbox 345 1816 441 1883; x_wconf 89' lang='lat' dir='ltr'>Plato</span> <span class='ocrx_word' id='word_1_77' title='bbox 462 1839 503 1893; x_wconf 48' lang='lat' dir='ltr'>se,</span> <span class='ocrx_word' id='word_1_78' title='bbox 513 1816 671 1896; x_wconf 88' lang='lat' dir='ltr'>advertit,</span> <span class='ocrx_word' id='word_1_79' title='bbox 690 1840 794 1906; x_wconf 85' lang='lat' dir='ltr'>quum</span> <span class='ocrx_word' id='word_1_80' title='bbox 812 1816 910 1905; x_wconf 85' lang='lat' dir='ltr'>fingit</span> <span class='ocrx_word' id='word_1_81' title='bbox 926 1818 960 1883; x_wconf 92' lang='lat' dir='ltr'>in</span> <span class='ocrx_word' id='word_1_82' title='bbox 984 1819 1124 1885; x_wconf 86' lang='lat' dir='ltr'>Timaeo</span> <span class='ocrx_word' id='word_1_83' title='bbox 1140 1841 1237 1885; x_wconf 89' lang='lat' dir='ltr'>suam</span> 
     </span>
     <span class='ocr_line' id='line_1_13' title="bbox 167 1935 1239 2031; baseline -0.002 -21"><span class='ocrx_word' id='word_1_84' title='bbox 167 1943 344 2010; x_wconf 85' lang='lat' dir='ltr'>Civitatem</span> <span class='ocrx_word' id='word_1_85' title='bbox 372 1941 406 2008; x_wconf 92' lang='lat' dir='ltr'>in</span> <span class='ocrx_word' id='word_1_86' title='bbox 434 1941 592 2030; x_wconf 89' lang='lat' dir='ltr'>antiquas</span> <span class='ocrx_word' id='word_1_87' title='bbox 611 1942 762 2008; x_wconf 85' lang='lat' dir='ltr'>Athenas</span> <span class='ocrx_word' id='word_1_88' title='bbox 789 1942 1029 2022; x_wconf 72' lang='lat' dir='ltr'>translataml,</span> <span class='ocrx_word' id='word_1_89' title='bbox 1065 1952 1166 2031; x_wconf 90' lang='lat' dir='ltr'>atque</span> <span class='ocrx_word' id='word_1_90' title='bbox 1193 1935 1239 2008; x_wconf 86' lang='lat' dir='ltr'>ita</span> 
     </span>
     <span class='ocr_line' id='line_1_14' title="bbox 166 2038 1238 2156; baseline -0.002 -22"><span class='ocrx_word' id='word_1_91' title='bbox 166 2090 282 2134; x_wconf 90' lang='lat' dir='ltr'>veram</span> <span class='ocrx_word' id='word_1_92' title='bbox 305 2089 323 2132; x_wconf 92' lang='lat' dir='ltr'>e</span> <span class='ocrx_word' id='word_1_93' title='bbox 338 2038 582 2133; x_wconf 83' lang='lat' dir='ltr'>commenticia</span> <span class='ocrx_word' id='word_1_94' title='bbox 599 2066 736 2138; x_wconf 85' lang='lat' dir='ltr'>factam.</span> <span class='ocrx_word' id='word_1_95' title='bbox 752 2067 794 2133; x_wconf 86' lang='lat' dir='ltr'>Et</span> <span class='ocrx_word' id='word_1_96' title='bbox 814 2065 847 2132; x_wconf 92' lang='lat' dir='ltr'>id</span> <span class='ocrx_word' id='word_1_97' title='bbox 863 2067 897 2133; x_wconf 94' lang='lat' dir='ltr'>in</span> <span class='ocrx_word' id='word_1_98' title='bbox 916 2076 1062 2134; x_wconf 86' lang='lat' dir='ltr'>aetatem</span> <span class='ocrx_word' id='word_1_99' title='bbox 1089 2067 1238 2156; x_wconf 92' lang='lat' dir='ltr'>priorem</span> 
     </span>
     <span class='ocr_line' id='line_1_15' title="bbox 167 2193 1239 2282; baseline -0.004 -19"><span class='ocrx_word' id='word_1_100' title='bbox 167 2194 352 2263; x_wconf 85' lang='lat' dir='ltr'>transferre</span> <span class='ocrx_word' id='word_1_101' title='bbox 371 2194 460 2282; x_wconf 82' lang='lat' dir='ltr'>quod</span> <span class='ocrx_word' id='word_1_102' title='bbox 482 2204 518 2260; x_wconf 91' lang='lat' dir='ltr'>ut</span> <span class='ocrx_word' id='word_1_103' title='bbox 537 2193 692 2260; x_wconf 91' lang='lat' dir='ltr'>futurum</span> <span class='ocrx_word' id='word_1_104' title='bbox 709 2193 743 2259; x_wconf 93' lang='lat' dir='ltr'>in</span> <span class='ocrx_word' id='word_1_105' title='bbox 765 2193 898 2281; x_wconf 85' lang='lat' dir='ltr'>reliquo</span> <span class='ocrx_word' id='word_1_106' title='bbox 920 2203 1072 2282; x_wconf 85' lang='lat' dir='ltr'>tempore</span> <span class='ocrx_word' id='word_1_107' title='bbox 1088 2193 1239 2260; x_wconf 90' lang='lat' dir='ltr'>volvitur</span> 
     </span>
     <span class='ocr_line' id='line_1_16' title="bbox 167 2317 1238 2407; baseline -0.005 -19"><span class='ocrx_word' id='word_1_108' title='bbox 167 2321 295 2399; x_wconf 92' lang='lat' dir='ltr'>animo,</span> <span class='ocrx_word' id='word_1_109' title='bbox 312 2319 366 2385; x_wconf 90' lang='lat' dir='ltr'>vel</span> <span class='ocrx_word' id='word_1_110' title='bbox 387 2319 474 2407; x_wconf 92' lang='lat' dir='ltr'>quod</span> <span class='ocrx_word' id='word_1_111' title='bbox 493 2330 530 2385; x_wconf 90' lang='lat' dir='ltr'>ut</span> <span class='ocrx_word' id='word_1_112' title='bbox 544 2318 699 2384; x_wconf 89' lang='lat' dir='ltr'>veritatis</span> <span class='ocrx_word' id='word_1_113' title='bbox 717 2328 875 2383; x_wconf 84' lang='lat' dir='ltr'>aeternae</span> <span class='ocrx_word' id='word_1_114' title='bbox 897 2319 1064 2407; x_wconf 75' lang='lat' dir='ltr'>particeps</span> <span class='ocrx_word' id='word_1_115' title='bbox 1091 2317 1238 2407; x_wconf 91' lang='lat' dir='ltr'>concipi-</span> 
     </span>
     <span class='ocr_line' id='line_1_17' title="bbox 167 2442 903 2534; baseline -0.004 -22"><span class='ocrx_word' id='word_1_116' title='bbox 167 2456 234 2524; x_wconf 88' lang='lat' dir='ltr'>tur,</span> <span class='ocrx_word' id='word_1_117' title='bbox 250 2443 347 2534; x_wconf 89' lang='lat' dir='ltr'>quasi</span> <span class='ocrx_word' id='word_1_118' title='bbox 364 2442 551 2533; x_wconf 82' lang='lat' dir='ltr'>mythicum</span> <span class='ocrx_word' id='word_1_119' title='bbox 568 2442 820 2532; x_wconf 86' lang='lat' dir='ltr'>quodammodo</span> <span class='ocrx_word' id='word_1_120' title='bbox 841 2452 903 2509; x_wconf 85' lang='lat' dir='ltr'>est.</span> 
     </span>
    </p>
   </div>
   <div class='ocr_carea' id='block_1_4' title="bbox 210 2566 1238 2657">
    <p class='ocr_par' dir='ltr' id='par_1_4' title="bbox 210 2566 1238 2657">
     <span class='ocr_line' id='line_1_18' title="bbox 210 2566 1238 2657; baseline -0.004 -21"><span class='ocrx_word' id='word_1_121' title='bbox 210 2570 341 2636; x_wconf 87' lang='lat' dir='ltr'>Verum</span> <span class='ocrx_word' id='word_1_122' title='bbox 357 2566 492 2656; x_wconf 91' lang='lat' dir='ltr'>planius</span> <span class='ocrx_word' id='word_1_123' title='bbox 508 2590 602 2633; x_wconf 92' lang='lat' dir='ltr'>mera</span> <span class='ocrx_word' id='word_1_124' title='bbox 622 2566 755 2632; x_wconf 85' lang='lat' dir='ltr'>fallacia</span> <span class='ocrx_word' id='word_1_125' title='bbox 770 2566 885 2633; x_wconf 91' lang='lat' dir='ltr'>induci</span> <span class='ocrx_word' id='word_1_126' title='bbox 901 2566 1151 2656; x_wconf 92' lang='lat' dir='ltr'>videturquum</span> <span class='ocrx_word' id='word_1_127' title='bbox 1168 2568 1238 2657; x_wconf 85' lang='lat' dir='ltr'>agi-</span> 
     </span>
    </p>
   </div>
   <div class='ocr_carea' id='block_1_5' title="bbox 168 2690 1243 3893">
    <p class='ocr_par' dir='ltr' id='par_1_5' title="bbox 168 2690 1243 3893">
     <span class='ocr_line' id='line_1_19' title="bbox 169 2690 1239 2782; baseline -0.002 -21"><span class='ocrx_word' id='word_1_128' title='bbox 169 2706 222 2762; x_wconf 88' lang='lat' dir='ltr'>tur</span> <span class='ocrx_word' id='word_1_129' title='bbox 241 2693 282 2760; x_wconf 91' lang='lat' dir='ltr'>de</span> <span class='ocrx_word' id='word_1_130' title='bbox 299 2691 517 2782; x_wconf 83' lang='lat' dir='ltr'>praescriptis</span> <span class='ocrx_word' id='word_1_131' title='bbox 532 2691 573 2758; x_wconf 93' lang='lat' dir='ltr'>ad</span> <span class='ocrx_word' id='word_1_132' title='bbox 596 2690 768 2759; x_wconf 87' lang='lat' dir='ltr'>connubia</span> <span class='ocrx_word' id='word_1_133' title='bbox 789 2690 1011 2758; x_wconf 84' lang='lat' dir='ltr'>attinentibus</span> <span class='ocrx_word' id='word_1_134' title='bbox 1029 2702 1062 2758; x_wconf 91' lang='lat' dir='ltr'>et</span> <span class='ocrx_word' id='word_1_135' title='bbox 1076 2691 1118 2758; x_wconf 91' lang='lat' dir='ltr'>de</span> <span class='ocrx_word' id='word_1_136' title='bbox 1145 2691 1239 2759; x_wconf 88' lang='lat' dir='ltr'>offu-</span> 
     </span>
     <span class='ocr_line' id='line_1_20' title="bbox 169 2816 1239 2907; baseline -0.002 -22"><span class='ocrx_word' id='word_1_137' title='bbox 169 2820 229 2886; x_wconf 91' lang='lat' dir='ltr'>ciis</span> <span class='ocrx_word' id='word_1_138' title='bbox 251 2818 318 2884; x_wconf 91' lang='lat' dir='ltr'>illis</span> <span class='ocrx_word' id='word_1_139' title='bbox 340 2817 463 2906; x_wconf 85' lang='lat' dir='ltr'>quibus</span> <span class='ocrx_word' id='word_1_140' title='bbox 483 2816 609 2884; x_wconf 89' lang='lat' dir='ltr'>utendo</span> <span class='ocrx_word' id='word_1_141' title='bbox 627 2817 818 2907; x_wconf 85' lang='lat' dir='ltr'>procreatio</span> <span class='ocrx_word' id='word_1_142' title='bbox 844 2816 1030 2883; x_wconf 90' lang='lat' dir='ltr'>liberorum</span> <span class='ocrx_word' id='word_1_143' title='bbox 1062 2840 1239 2907; x_wconf 85' lang='lat' dir='ltr'>nunquam</span> 
     </span>
     <span class='ocr_line' id='line_1_21' title="bbox 168 2941 1239 3033; baseline -0.002 -22"><span class='ocrx_word' id='word_1_144' title='bbox 168 2941 396 3011; x_wconf 86' lang='lat' dir='ltr'>deterioribus</span> <span class='ocrx_word' id='word_1_145' title='bbox 418 2941 578 3010; x_wconf 85' lang='lat' dir='ltr'>obveniet</span> <span class='ocrx_word' id='word_1_146' title='bbox 594 2952 627 3009; x_wconf 89' lang='lat' dir='ltr'>et</span> <span class='ocrx_word' id='word_1_147' title='bbox 643 2942 676 3007; x_wconf 90' lang='lat' dir='ltr'>hi</span> <span class='ocrx_word' id='word_1_148' title='bbox 696 2941 866 3008; x_wconf 86' lang='lat' dir='ltr'>fortunam</span> <span class='ocrx_word' id='word_1_149' title='bbox 886 2951 1018 3008; x_wconf 91' lang='lat' dir='ltr'>tantum</span> <span class='ocrx_word' id='word_1_150' title='bbox 1039 2942 1239 3033; x_wconf 90' lang='lat' dir='ltr'>culpabunt,</span> 
     </span>
     <span class='ocr_line' id='line_1_22' title="bbox 171 3067 1240 3156; baseline 0 -20"><span class='ocrx_word' id='word_1_151' title='bbox 171 3091 238 3136; x_wconf 94' lang='lat' dir='ltr'>non</span> <span class='ocrx_word' id='word_1_152' title='bbox 261 3068 482 3156; x_wconf 83' lang='lat' dir='ltr'>magistratus</span> <span class='ocrx_word' id='word_1_153' title='bbox 499 3067 555 3155; x_wconf 91' lang='lat' dir='ltr'>qui</span> <span class='ocrx_word' id='word_1_154' title='bbox 577 3077 686 3134; x_wconf 89' lang='lat' dir='ltr'>sortes</span> <span class='ocrx_word' id='word_1_155' title='bbox 708 3067 790 3133; x_wconf 90' lang='lat' dir='ltr'>scite</span> <span class='ocrx_word' id='word_1_156' title='bbox 811 3067 1057 3155; x_wconf 73' lang='lat' dir='ltr'>corruperint2.</span> <span class='ocrx_word' id='word_1_157' title='bbox 1081 3067 1146 3137; x_wconf 87' lang='lat' dir='ltr'>Sed</span> <span class='ocrx_word' id='word_1_158' title='bbox 1175 3069 1240 3136; x_wconf 87' lang='lat' dir='ltr'>hoc</span> 
     </span>
     <span class='ocr_line' id='line_1_23' title="bbox 169 3190 1241 3281; baseline 0.002 -25"><span class='ocrx_word' id='word_1_159' title='bbox 169 3191 358 3257; x_wconf 90' lang='lat' dir='ltr'>notandum</span> <span class='ocrx_word' id='word_1_160' title='bbox 381 3200 432 3257; x_wconf 89' lang='lat' dir='ltr'>est</span> <span class='ocrx_word' id='word_1_161' title='bbox 456 3190 624 3279; x_wconf 88' lang='lat' dir='ltr'>quaedam</span> <span class='ocrx_word' id='word_1_162' title='bbox 655 3190 743 3280; x_wconf 90' lang='lat' dir='ltr'>apud</span> <span class='ocrx_word' id='word_1_163' title='bbox 771 3190 950 3258; x_wconf 89' lang='lat' dir='ltr'>Platonem</span> <span class='ocrx_word' id='word_1_164' title='bbox 978 3190 1089 3281; x_wconf 93' lang='lat' dir='ltr'>lepide</span> <span class='ocrx_word' id='word_1_165' title='bbox 1117 3191 1183 3258; x_wconf 91' lang='lat' dir='ltr'>dici</span> <span class='ocrx_word' id='word_1_166' title='bbox 1208 3202 1241 3259; x_wconf 91' lang='lat' dir='ltr'>et</span> 
     </span>
     <span class='ocr_line' id='line_1_24' title="bbox 169 3313 1242 3408; baseline 0.002 -28"><span class='ocrx_word' id='word_1_167' title='bbox 169 3336 245 3380; x_wconf 93' lang='lat' dir='ltr'>cum</span> <span class='ocrx_word' id='word_1_168' title='bbox 280 3319 426 3408; x_wconf 74' lang='grc' dir='ltr'>εἰρωνείᾳ,</span> <span class='ocrx_word' id='word_1_169' title='bbox 453 3337 566 3404; x_wconf 86' lang='lat' dir='ltr'>neque</span> <span class='ocrx_word' id='word_1_170' title='bbox 593 3313 707 3380; x_wconf 89' lang='lat' dir='ltr'>verbis</span> <span class='ocrx_word' id='word_1_171' title='bbox 738 3315 820 3403; x_wconf 89' lang='lat' dir='ltr'>ipsis</span> <span class='ocrx_word' id='word_1_172' title='bbox 859 3313 982 3402; x_wconf 88' lang='lat' dir='ltr'>quibus</span> <span class='ocrx_word' id='word_1_173' title='bbox 1016 3316 1141 3406; x_wconf 85' lang='lat' dir='ltr'>scripta</span> <span class='ocrx_word' id='word_1_174' title='bbox 1175 3316 1242 3382; x_wconf 85' lang='lat' dir='ltr'>sint</span> 
     </span>
     <span class='ocr_line' id='line_1_25' title="bbox 170 3439 1241 3529; baseline 0 -25"><span class='ocrx_word' id='word_1_175' title='bbox 170 3439 315 3528; x_wconf 83' lang='lat' dir='ltr'>intelligi</span> <span class='ocrx_word' id='word_1_176' title='bbox 331 3439 471 3520; x_wconf 82' lang='lat' dir='ltr'>deberi3</span> <span class='ocrx_word' id='word_1_177' title='bbox 493 3441 573 3506; x_wconf 91' lang='lat' dir='ltr'>item</span> <span class='ocrx_word' id='word_1_178' title='bbox 591 3440 788 3506; x_wconf 90' lang='lat' dir='ltr'>meminisse</span> <span class='ocrx_word' id='word_1_179' title='bbox 809 3462 950 3506; x_wconf 89' lang='lat' dir='ltr'>necesse</span> <span class='ocrx_word' id='word_1_180' title='bbox 977 3450 1029 3506; x_wconf 89' lang='lat' dir='ltr'>est</span> <span class='ocrx_word' id='word_1_181' title='bbox 1055 3439 1143 3529; x_wconf 88' lang='lat' dir='ltr'>apud</span> <span class='ocrx_word' id='word_1_182' title='bbox 1163 3462 1241 3506; x_wconf 89' lang='lat' dir='ltr'>eum</span> 
     </span>
     <span class='ocr_line' id='line_1_26' title="bbox 170 3564 1243 3654; baseline 0.001 -24"><span class='ocrx_word' id='word_1_183' title='bbox 170 3587 290 3631; x_wconf 88' lang='lat' dir='ltr'>verum</span> <span class='ocrx_word' id='word_1_184' title='bbox 312 3564 402 3631; x_wconf 90' lang='lat' dir='ltr'>idem</span> <span class='ocrx_word' id='word_1_185' title='bbox 420 3566 598 3633; x_wconf 91' lang='lat' dir='ltr'>achonum</span> <span class='ocrx_word' id='word_1_186' title='bbox 616 3588 692 3632; x_wconf 91' lang='lat' dir='ltr'>esse</span> <span class='ocrx_word' id='word_1_187' title='bbox 705 3568 788 3652; x_wconf 85' lang='lat' dir='ltr'>(non</span> <span class='ocrx_word' id='word_1_188' title='bbox 806 3564 932 3631; x_wconf 92' lang='lat' dir='ltr'>honum</span> <span class='ocrx_word' id='word_1_189' title='bbox 948 3564 1076 3654; x_wconf 87' lang='lat' dir='ltr'>aliquid</span> <span class='ocrx_word' id='word_1_190' title='bbox 1089 3574 1180 3631; x_wconf 90' lang='lat' dir='ltr'>certe</span> <span class='ocrx_word' id='word_1_191' title='bbox 1200 3587 1243 3631; x_wconf 88' lang='lat' dir='ltr'>ex</span> 
     </span>
     <span class='ocr_line' id='line_1_27' title="bbox 172 3688 1239 3779; baseline 0.001 -26"><span class='ocrx_word' id='word_1_192' title='bbox 172 3688 291 3754; x_wconf 88' lang='lat' dir='ltr'>humili</span> <span class='ocrx_word' id='word_1_193' title='bbox 313 3689 458 3778; x_wconf 86' lang='lat' dir='ltr'>quadam</span> <span class='ocrx_word' id='word_1_194' title='bbox 490 3689 622 3779; x_wconf 85' lang='lat' dir='ltr'>privata</span> <span class='ocrx_word' id='word_1_195' title='bbox 647 3699 678 3755; x_wconf 90' lang='lat' dir='ltr'>et</span> <span class='ocrx_word' id='word_1_196' title='bbox 710 3688 1005 3778; x_wconf 87' lang='lat' dir='ltr'>publicantilitate</span> <span class='ocrx_word' id='word_1_197' title='bbox 1033 3689 1239 3777; x_wconf 86' lang='lat' dir='ltr'>collectum).</span> 
     </span>
     <span class='ocr_line' id='line_1_28' title="bbox 172 3813 1241 3893; baseline -0.002 -12"><span class='ocrx_word' id='word_1_198' title='bbox 172 3813 237 3881; x_wconf 87' lang='lat' dir='ltr'>Sed</span> <span class='ocrx_word' id='word_1_199' title='bbox 273 3825 350 3880; x_wconf 90' lang='lat' dir='ltr'>aute</span> <span class='ocrx_word' id='word_1_200' title='bbox 386 3815 501 3881; x_wconf 87' lang='lat' dir='ltr'>omnia</span> <span class='ocrx_word' id='word_1_201' title='bbox 539 3814 572 3880; x_wconf 91' lang='lat' dir='ltr'>id</span> <span class='ocrx_word' id='word_1_202' title='bbox 604 3813 944 3881; x_wconf 85' lang='lat' dir='ltr'>animadvertendum</span> <span class='ocrx_word' id='word_1_203' title='bbox 971 3824 1035 3893; x_wconf 89' lang='lat' dir='ltr'>est,</span> <span class='ocrx_word' id='word_1_204' title='bbox 1065 3815 1241 3881; x_wconf 90' lang='lat' dir='ltr'>Platonem</span> 
     </span>
    </p>
   </div>
   <div class='ocr_carea' id='block_1_6' title="bbox 201 4113 463 4277">
    <p class='ocr_par' dir='ltr' id='par_1_6' title="bbox 201 4113 463 4277">
     <span class='ocr_line' id='line_1_29' title="bbox 201 4113 359 4173; baseline -0.013 -9"><span class='ocrx_word' id='word_1_205' title='bbox 201 4113 211 4148; x_wconf 90' lang='lat'>¹</span> <span class='ocrx_word' id='word_1_206' title='bbox 228 4114 280 4173; x_wconf 77' lang='lat' dir='ltr'>Ta,</span> <span class='ocrx_word' id='word_1_207' title='bbox 293 4116 323 4162; x_wconf 83' lang='lat'>26</span> <span class='ocrx_word' id='word_1_208' title='bbox 336 4126 359 4162; x_wconf 93' lang='lat' dir='ltr'>c.</span> 
     </span>
     <span class='ocr_line' id='line_1_30' title="bbox 201 4213 463 4277; baseline -0.019 -13"><span class='ocrx_word' id='word_1_209' title='bbox 201 4213 212 4246; x_wconf 83' lang='lat'>²</span> <span class='ocrx_word' id='word_1_210' title='bbox 228 4214 321 4277; x_wconf 71' lang='lat' dir='ltr'>Resp,</span> <span class='ocrx_word' id='word_1_211' title='bbox 333 4214 366 4274; x_wconf 91' lang='lat' dir='ltr'>V,</span> <span class='ocrx_word' id='word_1_212' title='bbox 382 4215 428 4260; x_wconf 79' lang='lat'>460</span> <span class='ocrx_word' id='word_1_213' title='bbox 439 4225 463 4260; x_wconf 90' lang='lat' dir='ltr'>a.</span> 
     </span>
    </p>
   </div>
   <div class='ocr_carea' id='block_1_7' title="bbox 0 0 1419 4814">
    <p class='ocr_par' dir='ltr' id='par_1_7' title="bbox 0 0 1419 4814">
     <span class='ocr_line' id='line_1_31' title="bbox 0 0 1419 4814; baseline 0 0"><span class='ocrx_word' id='word_1_214' title='bbox 0 0 1419 4814; x_wconf 95' lang='lat' dir='ltr'> </span> 
     </span>
    </p>
   </div>
  </div>
 </body>
</html>
