2804 4814
612 304 789 369 ..84-

160 471 353 552 temporum
368 481 408 527 eo
425 469 626 550 perventum
643 469 694 525 est
715 468 751 525 ut
766 458 881 546 aliquo
893 457 1001 525 solido
1022 457 1151 548 absque
1164 454 1236 550 jam

161 587 313 654 musicae
330 608 394 675 ope
415 607 528 651 mores
548 584 760 664 niterentur3
782 583 874 671 quod
892 582 1038 650 solidum
1060 594 1237 652 exstruere

161 712 258 779 Plato
274 712 375 800 plane
395 708 554 789 intendit,
571 719 603 775 et
623 707 818 775 inchoando
842 708 1043 796 promeruit.
1063 709 1237 776 Ponamus

160 859 263 927 porro
278 836 391 923 (sicuti
413 857 517 924 supra
544 833 585 900 de
607 833 731 899 fabulis
752 833 994 923 mythologieis
1019 833 1146 901 dictum
1169 837 1235 922 est)
1304 830 1307 836 ’

161 960 340 1037 Platonem
360 983 437 1028 eum
459 958 656 1026 hominihus
672 976 857 1048 puerorum
879 958 1048 1026 similibus
1069 959 1111 1049 (si
1137 961 1237 1028 modo

161 1110 225 1156 nos
234 1089 312 1177 jure
333 1085 505 1176 possimus
518 1107 579 1174 pro
596 1083 864 1170 adultishaberi)
883 1106 957 1150 rem
969 1083 1144 1169 habuisse,
1159 1109 1237 1154 cum

163 1210 360 1278 hominibus
377 1210 434 1298 qui
455 1208 587 1276 fabulas
602 1231 663 1298 pro
678 1230 716 1274 re
735 1231 816 1274 vera
830 1208 1038 1297 acciperent,
1052 1211 1170 1299 pronis
1196 1189 1237 1278 ad

163 1335 381 1403 efficiendum
398 1333 562 1423 quidquid
574 1332 753 1412 vidissent,
769 1343 827 1399 aut
842 1333 958 1400 animo
984 1335 1236 1424 concepissent,

164 1459 217 1527 vel
238 1460 287 1526 eis
302 1460 466 1550 injectum
488 1458 621 1525 fuisset.
641 1457 680 1523 Et
698 1456 778 1545 quid
795 1457 906 1546 magis
923 1458 1022 1546 proni
1047 1457 1088 1524 ad
1102 1456 1236 1548 repraess

163 1584 368 1657 sentandum
411 1584 518 1673 gestis
560 1582 707 1649 fuissent
746 1605 848 1671 quam
892 1604 1093 1663 sermones,
1135 1607 1237 1673 quam

164 1731 342 1787 numeros,
359 1707 479 1776 modos
506 1718 539 1774 at
561 1708 690 1795 figuras
712 1709 881 1795 (σχήματα)
897 1730 984 1796 quae
1005 1731 1073 1774 non
1094 1719 1239 1798 possunt

164 1835 246 1924 quin
264 1856 457 1901 sermonem
469 1832 656 1928 ¹quemdam
667 1841 700 1898 et
713 1842 848 1920 gestum
863 1842 896 1899 et
910 1832 1069 1899 allectum
1086 1843 1119 1916 et
1132 1818 1253 1922 quod-⁵

163 1959 240 2025 dam
262 1959 448 2046 cogitatum
462 1957 667 2047 exprimant.
687 1957 753 2026 Sed
772 1957 874 2023 simul
890 1981 952 2024 nos
970 1981 1106 2046 quoque
1123 1959 1237 2025 admo-

163 2093 221 2150 net
241 2083 337 2150 Plato
354 2105 440 2170 quae
468 2082 512 2148 sit
527 2104 608 2148 vera
630 2082 782 2148 musicae
812 2092 947 2162 natura,
965 2083 999 2149 in
1022 2105 1097 2149 eum
1123 2084 1236 2151 locum
1321 2128 1323 2135 ,

163 2230 226 2274 nos
250 2205 462 2274 detrudendo
478 2214 515 2272 ut
539 2204 638 2272 nobis
655 2205 905 2273 aestimandum
931 2207 974 2272 sit
995 2216 1108 2274 utrum
1133 2208 1237 2274 musi-

165 2355 240 2400 cam
254 2331 414 2399 malimus
435 2339 568 2397 tantum
582 2353 655 2396 rem
675 2330 893 2397 subsecivum
910 2341 943 2398 et
957 2330 1138 2399 desidiosis
1164 2335 1237 2422 qui·

164 2457 321 2546 buspiam
337 2456 623 2523 oblectamentum
653 2479 755 2536 esse,
774 2479 816 2522 an
838 2478 910 2523 rem
937 2457 1054 2544 magni
1074 2458 1238 2524 momenti

164 2592 196 2649 et
211 2580 394 2670 plurimum
419 2579 461 2646 ad
485 2601 597 2646 mores
612 2579 764 2669 privatos
784 2590 818 2645 et
839 2578 993 2669 publicos
1012 2581 1238 2670 pertinentem

165 2707 252 2774 sicut
276 2714 393 2772 nostra
408 2714 517 2772 aetate
532 2705 635 2771 etiam
651 2705 860 2771 Russovius¹
882 2727 921 2771 ae
938 2705 1145 2796 Tolstoyus²
1165 2729 1241 2796 pro-

166 2831 247 2900 fessi
268 2840 359 2900 sunt.
384 2830 486 2918 Atqui
508 2830 535 2895 si
552 2829 705 2897 Platonis
722 2839 845 2911 aetate,
868 2829 1021 2897 moribus
1036 2831 1142 2919 (quod
1161 2854 1239 2921 poe-

165 2965 278 3023 tarum
294 2954 482 3043 praeceptis
494 2954 750 3042 inniterentur),
772 2954 961 3043 periculum
977 2954 1096 3021 inferri
1109 2965 1241 3045 poterat

100 3074 103 3078 ’
166 3103 184 3146 a
205 3079 294 3146 male
315 3088 503 3168 temperata
518 3079 663 3158 musica,
688 3089 806 3145 nostra
825 3088 940 3145 autem
963 3079 1106 3160 musica,
1135 3103 1240 3168 quum

165 3204 302 3271 nonnisi
321 3227 381 3293 per
395 3204 538 3292 longum
554 3202 804 3270 deverticulum
821 3202 863 3268 ad
878 3203 1053 3292 politicam
1071 3227 1109 3271 ae
1131 3227 1241 3271 mora-

165 3330 232 3396 lem
250 3339 358 3396 artem
376 3338 408 3395 et
428 3328 470 3395 ad
494 3327 667 3417 publicum
684 3327 812 3395 bonum
832 3351 869 3394 se
894 3328 1030 3413 referat,
1043 3352 1145 3420 saepe
1160 3353 1241 3419 pau-

164 3455 235 3522 lum
260 3453 355 3521 abest
386 3454 467 3542 quin
487 3453 591 3519 oblita
617 3454 661 3520 sit
684 3453 878 3520 communis
902 3453 995 3521 illius
1018 3455 1240 3521 honestarum

167 3581 291 3647 artium
323 3580 414 3658 finis,
442 3602 462 3645 a
491 3601 558 3667 quo
584 3581 739 3668 sejuncta
763 3579 860 3645 lusus
884 3589 1016 3645 tantum
1046 3579 1159 3646 inanis
1183 3581 1239 3648 sit.

168 3707 308 3772 Necnon
339 3704 440 3770 simul
475 3703 669 3769 salutariter
697 3725 760 3768 nos
791 3703 988 3770 meminisse
1015 3703 1112 3771 Plato
1136 3705 1241 3792 cogit,
1304 3711 1306 3718 ’

168 3852 309 3898 necesse
340 3852 415 3896 esse
437 3841 474 3895 ut
494 3830 629 3895 animus
658 3828 722 3894 viri
748 3828 828 3895 boni
855 3852 923 3896 non
946 3830 990 3896 sit
1013 3829 1189 3919 multiplex
1210 3840 1243 3897 et

200 4121 209 4154 ¹
226 4119 318 4169 Lettre
334 4131 382 4168 sur
395 4119 436 4169 les
449 4117 610 4181 spectacles

200 4219 211 4252 2
228 4218 331 4268 Sonate
347 4219 363 4266 t
377 4218 506 4268 Kreuzer.
