2804 4814
577 281 752 347 -23-

126 444 255 527 amato,
276 455 381 522 quum
397 456 493 500 amor
513 434 713 500 universum
734 433 924 522 pulchrum¹
945 444 1080 523 appetat
1098 448 1198 526 'cujus

126 559 277 625 universi
311 558 453 647 pulchra
470 559 596 627 lacios,
620 557 1048 648 tantummOdostparticula
1074 561 1130 640 sit,
1156 602 1199 611 -

124 693 243 774 postea
280 695 393 751 tamen
428 683 463 750 in
498 694 610 751 amato
646 684 762 762 etiam;
796 706 914 772 quum]
935 684 1199 773 pulchritudinis

51 822 53 826 ‘
125 812 200 900 ejus
217 808 352 876 lluxus¹
371 809 476 898 quiin
493 810 639 877 amantis
655 808 925 895 cordeamore'm
942 809 1134 898 ingenerat,
1153 811 1197 876 ibi

125 933 332 1014 exuberans
354 957 395 1001 eo
417 934 619 1001 undevenit
643 933 904 1000 reflectitur-ita
935 944 972 1001 ut
1001 957 1117 1002 amare
1145 935 1199 1001 hic

126 1059 197 1149 ipse
214 1081 350 1148 quoque
362 1058 514 1149 incipiat.
531 1095 534 1104 ·

170 1185 261 1273 Ergo
289 1184 538 1273 amor'pulchri
565 1206 605 1250 eo
627 1206 664 1250 se
690 1183 842 1250 extendit
867 1193 903 1250 ut
925 1193 1099 1273 postremo
1119 1183 1207 1273 pul-¹

123 1309 243 1377 chrum
254 1308 337 1375 illud
347 1318 481 1398 appetat
498 1308 585 1398 quod
600 1330 668 1374 nou
683 1308 929 1397 imaginatione
944 1309 1075 1398 concipi
1092 1309 1201 1399 possit

124 1435 219 1501 velut
230 1434 495 1525 possuntvultus
512 1433 648 1522 qnidam
663 1444 721 1500 aut
734 1433 1030 1523 corpusveletiam
1043 1435 1198 1514 scientia,

125 1569 157 1626 et
177 1582 195 1625 a
215 1558 384 1625 desiderio
405 1559 568 1649 pulchrae
583 1559 632 1625 rei
653 1558 849 1638 liberetur2,
872 1559 962 1648 quod
979 1569 1087 1625 totum
1109 1560 1142 1626 in
1164 1583 1200 1627 se

125 1685 262 1764 existat,
277 1683 367 1773 quod
385 1707 447 1752 nec
460 1684 606 1750 intereat
622 1707 684 1750 nec
700 1694 843 1764 crescat,
855 1683 986 1773 etquod
1000 1693 1113 1750 cetera
1128 1685 1200 1774 pul-

125 1809 207 1876 chra
226 1808 296 1897 (τῶν
318 1813 516 1898 γιγνομένων)
532 1809 747 1899 participent,
764 1809 858 1876 nulla
875 1812 949 1899 ejus
966 1808 1200 1876 deminutione

125 1933 179 2000 vel
199 1935 427 2014 incremento,
456 1934 544 2024 quod
574 1934 673 2000 oculo
704 1934 808 2000 animi
842 1943 974 2001 tantum
1001 1934 1203 2023 inspiciatur

126 2062 248 2148 (ἀριστῷ
263 2079 316 2145 τῆς
337 2062 481 2147 ψυχῆς)3,
497 2068 530 2126 et
557 2058 646 2148 quod
669 2059 753 2124 nihil
778 2058 870 2125 aliud
889 2059 932 2127 sit
954 2059 1019 2125 nisi
1035 2082 1154 2126 verum
1167 2063 1198 2142 ⁴3

125 2207 165 2251 eo
196 2207 231 2251 se
263 2184 427 2270 extendit,
461 2184 551 2265 dico,
578 2184 632 2251 hic
659 2207 768 2264 amor,
800 2193 836 2250 ut
868 2194 1001 2251 constet
1026 2208 1068 2250 ex
1088 2185 1201 2253 studio

125 2309 444 2399 consequendarum
461 2309 730 2400 perfectissimae
745 2309 881 2376 virtutis
901 2319 934 2376 et
948 2310 1148 2399 sapientiae,
1169 2320 1202 2377 et

125 2435 190 2501 hoc
211 2434 284 2524 ipso
300 2444 457 2501 naturam
478 2434 630 2500 divinam
646 2443 679 2500 et
704 2434 939 2501 aeternitatem
963 2434 1199 2524 participandi.

126 2558 358 2647 Contemplari
375 2558 555 2648 pulchrum
578 2559 668 2625 idem
684 2569 736 2624 est
759 2581 798 2624 ac
822 2558 938 2625 divina
966 2558 1140 2647 suspicere
1169 2568 1201 2625 et

126 2707 168 2751 ex
187 2683 226 2750 iis
243 2683 370 2771 aliquid
391 2684 558 2772 attingere
579 2693 611 2750 et
627 2683 662 2748 iu
679 2706 714 2749 se
742 2683 888 2773 experiri
903 2708 911 2764 ;
925 2666 1017 2771 'quae
1051 2693 1201 2750 contem-

125 2806 230 2897 platio
246 2807 280 2871 in
301 2805 624 2895 contemplationem
640 2807 725 2888 veri,
743 2829 864 2871 revera
884 2805 1075 2884 existentis,
1094 2816 1201 2872 muta-

126 2942 195 3010 tur,
206 2931 320 2997 animo
332 2931 506 3020 corporeis
517 2931 663 2999 vinculis
679 2931 834 3010 liberato,
848 2931 881 2996 in
894 2930 1051 2997 eumdem
1063 2929 1199 2997 modum

128 3079 167 3122 ac
193 3055 330 3122 (livinus
347 3055 441 3122 furor
459 3056 670 3122 amantium⁵
686 3057 720 3122 in
742 3056 943 3145 sapientiam
970 3064 1002 3120 et
1018 3031 1202 3120 *scientiam

106 3166 285 3249 uertitur.
327 3181 415 3246 Dum
444 3179 626 3269 pulchrum
662 3179 948 3267 contemplamur,
978 3177 1202 3266 intelligimus

129 3306 234 3373 animi
259 3314 414 3372 naturam
444 3315 477 3371 et
507 3304 590 3384 vim,
628 3327 715 3393 quae
745 3304 824 3383 sint,
852 3312 884 3369 et
903 3302 1201 3403 'quemadmodum

130 3434 204 3522 ejus
225 3453 288 3497 nos
308 3431 490 3520 participes
507 3430 642 3510 fiamus,
660 3439 692 3496 et
713 3428 884 3518 quomodo
901 3451 940 3496 ea
960 3438 1081 3494 natura
1098 3429 1202 3495 animi

130 3558 173 3625 sit
206 3556 409 3623 immortalis
435 3565 551 3646 utpote
579 3555 784 3646 principium
810 3555 1054 3645 (omninode
1088 3554 1204 3621 omnia
1265 3532 1266 3535 Ἴ

161 3764 168 3798 ¹
187 3763 338 3824 Phaedrus
349 3766 394 3812 255
410 3776 432 3812 c.

160 3861 171 3894 2
188 3859 285 3918 Gonu„
296 3862 340 3908 211
354 3873 371 3908 a
383 3859 418 3908 ad
434 3860 479 3907 212
493 3872 516 3908 c.

160 3959 171 3993 ³
188 3959 281 4022 Resp.‚
295 3958 356 4007 VII.

160 4057 171 4092 ⁴
189 4056 285 4119 Gonu,
299 4059 344 4105 212
357 4070 382 4106 a.

161 4156 172 4189 ⁵
190 4155 342 4218 Phaedrus
358 4157 403 4204 243
414 4153 441 4204 b.

101 4318 103 4324 Ι
161 4254 172 4288 θ
188 4253 340 4317 Phaedrus,
356 4256 401 4303 245
414 4267 429 4303 c
441 4255 469 4303 et
484 4265 542 4317 seq.
