2804 4814
573 289 747 356 „25-

61 514 64 518 ,
125 441 281 510 illotrito
303 443 406 510 verbo
432 468 447 508 l
466 450 674 532 καλοκάγαθος
692 471 723 519 u,
746 445 792 510 ila
818 444 903 533 apud
921 445 1104 511 -Platouem
1127 445 1198 534 pul-

23 648 25 652 ·
123 566 196 633 chri
217 567 347 636 uotioui
376 568 465 634 in‘est
483 568 516 635 id
538 568 628 656 quod
649 578 815 658 temperat
834 578 867 635 et
887 570 984 658 quasi
1006 568 1145 659 adjuvat
1167 580 1199 636 et

125 688 237 758 lirmat
257 693 432 759 notionem
449 693 543 773 boui,
557 694 741 783 etimpcdit
753 695 938 782 quominus
959 693 1087 760 bouum
1101 695 1198 761 iutel-

125 815 249 905 ligatur
263 827 299 884 ut
316 819 349 884 iu
370 804 452 885 utile
473 827 504 884 et
521 817 738 884 commodum
760 818 929 897 recidens,
951 819 1198 908 suppeditando

124 944 271 1031 speciem
285 943 385 1011 Utilis
402 953 435 1010 et
446 943 623 1010 Commodi
639 943 865 1032 quorumdam
878 943 919 1010 ad
931 944 1109 1011 celsiorem
1124 947 1199 1034 par}

125 1077 191 1132 tem
203 1068 310 1134 nostri
323 1068 583 1157 pertinentium,
594 1090 695 1157 quam
711 1069 882 1135 intuentes
895 1091 1060 1157 cogamur
1071 1069 1199 1136 bouum

125 1215 289 1281 quaerere
305 1194 337 1259 iu
354 1194 494 1261 meliore
511 1217 549 1260 ac
565 1195 728 1260 meliore1
745 1217 857 1283 neque
869 1195 1071 1274 consistere,
1084 1205 1117 1262 et
1131 1218 1198 1262 uuo

123 1316 228 1383 verbo
241 1339 427 1406 urgeamur
442 1318 617 1385 dialectice
634 1318 806 1408 progredi.

168 1441 255 1508 Vide
275 1443 366 1508 euim
389 1453 424 1509 ut
440 1443 558 1523 Polus,
580 1444 614 1509 iu
636 1443 773 1532 dialogo
797 1445 854 1532 qui
876 1443 1023 1532 Gorgias
1043 1444 1199 1511 inscribi-

124 1575 192 1646 tur,
210 1567 314 1656 vulgo
338 1555 529 1635 assentiens
554 1570 608 1636 cui
632 1546 759 1635 malum
787 1573 899 1660 majus
924 1579 976 1637 est
996 1570 1199 1659 injustitiam

124 1690 191 1780 pati
204 1715 305 1781 quam
321 1715 495 1773 exercere,¹
514 1693 611 1760 lateri
627 1704 772 1783 cogatur
786 1694 1020 1783 turpissimam
1034 1718 1105 1761 rem
1123 1718 1198 1762 esse

124 1816 326 1905 injustitiam
350 1840 458 1906 eoque
488 1818 561 1907 ipso
589 1819 812 1906 pessimant,
835 1828 868 1884 et
890 1819 1057 1908 justitiam
1080 1829 1200 1886 contra
1270 1896 1272 1900 μ

125 1940 390 2030 pulcherrimam
413 1944 536 2009 artium
550 1946 575 2010 ³.
599 1943 748 2010 Pulchro
765 1944 837 2009 sive
858 1943 948 2010 bono
968 1944 1057 2010 inest
1073 1955 1105 2010 et
1121 1944 1198 2011 sub·

121 2066 280 2154 juugitur
309 2040 429 2132 notitia
451 2067 596 2157 alicujus
623 2069 669 2134 rei
694 2068 894 2134 commodae
927 2069 980 2138 vel
1010 2069 1116 2148 utilis,
1145 2070 1199 2136 vel

123 2191 278 2280 potioris.
304 2192 342 2257 lu
363 2192 428 2259 hoc
453 2193 529 2259 loco
550 2215 653 2282 supra
674 2192 778 2258 allato>
799 2203 832 2259 et
856 2194 889 2259 iu
914 2192 1101 2272 Alcibiade,
1126 2194 1199 2282 pul-

123 2315 244 2382 chrum
265 2338 325 2405 pro
351 2316 462 2384 medio
487 2318 619 2406 gradu*
636 2319 724 2384 iuter
748 2317 875 2384 bouum
893 2328 925 2384 et
943 2322 1074 2407 justum
1098 2316 1198 2383 haba

123 2450 192 2519 tur,
209 2450 325 2529 utpote
352 2442 476 2508 montis
502 2453 640 2509 nostrae
659 2442 795 2509 oculum
818 2442 999 2509 advertens
1019 2444 1052 2509 iu
1069 2443 1198 2509 bouum

125 2565 295 2652 quoddam
312 2568 424 2655 potius
442 2567 500 2633 illo
515 2567 604 2655 quod
617 2567 800 2633 verborum
816 2591 900 2634 usus
920 2567 1100 2634 commodo
1116 2568 1198 2634 assi·
1267 2584 1269 2586 ·

125 2689 245 2769 mulal,
267 2690 300 2755 iu
320 2691 457 2779 aliquod
474 2715 593 2758 revera
610 2692 735 2759 bouum
758 2693 846 2780 quod
871 2694 981 2782 ipsum
997 2716 1115 2759 verum
1133 2703 1196 2759 est.

125 2815 216 2880 Nilril
228 2815 407 2904 pulchrum
420 2826 470 2882 est
487 2817 577 2905 quod
593 2840 661 2884 nou
679 2827 711 2883 el
724 2817 850 2885 bouum
863 2819 919 2898 sit,
933 2828 965 2884 el
980 2817 1197 2884 commodum
1237 2862 1240 2870 .

125 2939 267 3028 aliquid,
283 2952 419 3029 gratum
441 2942 581 3030 aliquid,
605 2943 686 3009 utile
707 2942 835 3031 aliquid
859 2945 1032 3010 contiueat
1053 2944 1111 3009 sed
1132 2942 1198 3008 tale

126 3074 161 3130 ul
183 3065 297 3131 auimo
318 3076 468 3154 gratum,
482 3067 576 3146 utile,
590 3067 808 3134 commodum
822 3067 877 3134 sit.
892 3045 992 3135 Nulla
1008 3091 1062 3133 res
1079 3067 1196 3134 eadem

124 3190 211 3256 facie
225 3201 257 3257 et
269 3191 409 3279 pulchra
421 3201 454 3258 et
466 3192 554 3257 mala
566 3203 676 3280 potest
687 3216 761 3258 esse
772 3195 798 3273 ⁵,
811 3193 868 3259 sod
881 3197 898 3278 ἧ
910 3177 1019 3281 &apator
1029 3203 1120 3261 aulai
1134 3203 1195 3259 est.

170 3316 256 3397 Quid
275 3327 388 3383 autem
411 3317 553 3406 pulchro
577 3319 665 3384 inest
686 3341 726 3384 ex
748 3340 815 3407 quo
836 3319 964 3385 oriatur
984 3329 1015 3385 el
1032 3319 1199 3386 excitetur

154 3609 163 3643 ¹
182 3611 303 3673 Protag,
319 3612 364 3658 358
377 3608 403 3657 b.

153 3709 165 3742 ⁹
182 3707 274 3771 Gorg,
292 3711 337 3756 777
353 3707 380 3756 d.

154 3805 165 3838 ³
183 3805 276 3868 Gorg,
287 3809 333 3853 478
345 3805 371 3854 b.

154 3902 165 3934 ⁴
183 3901 380 3964 dlc.,l,715a.
401 3878 469 3952 EQ.
484 3925 526 3933 —
547 3888 647 3953 Ἀλλὰ
670 3892 765 3954 πάντα
785 3890 821 3954 τὰ
847 3895 941 3955 δίκαια
967 3893 1014 3954 καὶ
1038 3893 1133 3970 καλάς
1155 3926 1198 3935 -

125 3994 197 4057 ΑΛ.
219 3993 289 4058 Ναί.
308 4034 347 4042 -
369 3995 438 4058 EQ.
455 4033 498 4041 —
517 3996 556 4059 Ti
575 3995 639 4060 δἀὖ
655 3997 691 4061 τὰ
710 3999 805 4066 καλά;
825 4001 949 4082 πότερον
970 3991 1203 4082 ποίντόἰγαθὸι...4

155 4117 166 4150 ⁵
184 4116 278 4179 Gorg,
294 4119 339 4165 474
355 4130 377 4166 c.
397 4105 501 4168 οὐκοῦν
525 4106 573 4168 καὶ
600 4105 714 4185 κάκιον,
740 4109 822 4190 εἴπερ
847 4110 1003 4190 αἴσχιον...
1027 4141 1071 4150 --
1088 4119 1156 4175 Alc,
1178 4119 1199 4183 I,

125 4209 170 4255 116
186 4218 210 4254 a.
