<?xml version="1.0" encoding="UTF-8"?>
<!DOCTYPE html PUBLIC "-//W3C//DTD XHTML 1.0 Transitional//EN"
    "http://www.w3.org/TR/xhtml1/DTD/xhtml1-transitional.dtd">
<html xmlns="http://www.w3.org/1999/xhtml" xml:lang="en" lang="en">
 <head>
  <title>
</title>
<meta http-equiv="Content-Type" content="text/html;charset=utf-8" />
  <meta name='ocr-system' content='tesseract 3.04.00' />
  <meta name='ocr-capabilities' content='ocr_page ocr_carea ocr_par ocr_line ocrx_word'/>
</head>
<body>
  <div class='ocr_page' id='page_1' title='image "./quaesitdoctrina00prgoog_0035.png"; bbox 0 0 2804 4814; ppageno 0'>
   <div class='ocr_carea' id='block_1_1' title="bbox 614 298 789 360">
    <p class='ocr_par' dir='ltr' id='par_1_1' title="bbox 614 298 789 360">
     <span class='ocr_line' id='line_1_1' title="bbox 614 298 789 360; baseline 0 -16"><span class='ocrx_word' id='word_1_1' title='bbox 614 298 789 360; x_wconf 48' lang='lat'><strong>44,</strong></span> 
     </span>
    </p>
   </div>
   <div class='ocr_carea' id='block_1_2' title="bbox 160 444 1238 1046">
    <p class='ocr_par' dir='ltr' id='par_1_2' title="bbox 160 444 1238 1046">
     <span class='ocr_line' id='line_1_2' title="bbox 163 444 1238 542; baseline 0.005 -25"><span class='ocrx_word' id='word_1_2' title='bbox 163 451 296 542; x_wconf 87' lang='lat' dir='ltr'><strong>privata</strong></span> <span class='ocrx_word' id='word_1_3' title='bbox 312 461 343 520; x_wconf 90' lang='lat' dir='ltr'><strong>et</strong></span> <span class='ocrx_word' id='word_1_4' title='bbox 360 450 572 518; x_wconf 89' lang='lat' dir='ltr'><strong>mercenaria</strong></span> <span class='ocrx_word' id='word_1_5' title='bbox 593 444 738 539; x_wconf 89' lang='lat' dir='ltr'><strong>quadam</strong></span> <span class='ocrx_word' id='word_1_6' title='bbox 755 461 888 518; x_wconf 88' lang='lat' dir='ltr'><strong>tantum</strong></span> <span class='ocrx_word' id='word_1_7' title='bbox 906 452 1050 521; x_wconf 86' lang='lat' dir='ltr'><strong>utilitate</strong></span> <span class='ocrx_word' id='word_1_8' title='bbox 1068 476 1135 520; x_wconf 89' lang='lat' dir='ltr'><strong>non</strong></span> <span class='ocrx_word' id='word_1_9' title='bbox 1157 477 1238 523; x_wconf 90' lang='lat' dir='ltr'><strong>con-</strong></span> 
     </span>
     <span class='ocr_line' id='line_1_3' title="bbox 160 576 1237 667; baseline 0.002 -23"><span class='ocrx_word' id='word_1_10' title='bbox 160 581 358 667; x_wconf 88' lang='lat' dir='ltr'><strong>junctarum</strong></span> <span class='ocrx_word' id='word_1_11' title='bbox 383 584 603 655; x_wconf 85' lang='lat' dir='ltr'><strong>monstraret,</strong></span> <span class='ocrx_word' id='word_1_12' title='bbox 620 584 653 641; x_wconf 93' lang='lat' dir='ltr'><strong>et</strong></span> <span class='ocrx_word' id='word_1_13' title='bbox 673 598 773 642; x_wconf 90' lang='lat' dir='ltr'><strong>usum</strong></span> <span class='ocrx_word' id='word_1_14' title='bbox 798 576 883 642; x_wconf 90' lang='lat' dir='ltr'><strong>nihil</strong></span> <span class='ocrx_word' id='word_1_15' title='bbox 900 599 976 643; x_wconf 90' lang='lat' dir='ltr'><strong>esse</strong></span> <span class='ocrx_word' id='word_1_16' title='bbox 993 578 1067 644; x_wconf 88' lang='lat' dir='ltr'><strong>sine</strong></span> <span class='ocrx_word' id='word_1_17' title='bbox 1089 580 1237 660; x_wconf 90' lang='lat' dir='ltr'><strong>ratione,</strong></span> 
     </span>
     <span class='ocr_line' id='line_1_4' title="bbox 164 701 1238 793; baseline 0.005 -25"><span class='ocrx_word' id='word_1_18' title='bbox 164 712 271 769; x_wconf 84' lang='lat' dir='ltr'><strong>artem</strong></span> <span class='ocrx_word' id='word_1_19' title='bbox 304 701 378 768; x_wconf 90' lang='lat' dir='ltr'><strong>sine</strong></span> <span class='ocrx_word' id='word_1_20' title='bbox 400 701 548 790; x_wconf 87' lang='lat' dir='ltr'><strong>quodam</strong></span> <span class='ocrx_word' id='word_1_21' title='bbox 575 701 665 768; x_wconf 89' lang='lat' dir='ltr'><strong>bono</strong></span> <span class='ocrx_word' id='word_1_22' title='bbox 693 703 880 791; x_wconf 86' lang='lat' dir='ltr'><strong>proposita,</strong></span> <span class='ocrx_word' id='word_1_23' title='bbox 905 703 1135 793; x_wconf 83' lang='lat' dir='ltr'><strong>eloquentiam</strong></span> <span class='ocrx_word' id='word_1_24' title='bbox 1163 707 1238 773; x_wconf 90' lang='lat' dir='ltr'><strong>sine</strong></span> 
     </span>
     <span class='ocr_line' id='line_1_5' title="bbox 164 826 1236 916; baseline 0.003 -23"><span class='ocrx_word' id='word_1_25' title='bbox 164 827 344 916; x_wconf 81' lang='lat' dir='ltr'>sapientia,</span> <span class='ocrx_word' id='word_1_26' title='bbox 362 849 443 913; x_wconf 87' lang='lat' dir='ltr'><strong>opes</strong></span> <span class='ocrx_word' id='word_1_27' title='bbox 455 836 487 892; x_wconf 90' lang='lat' dir='ltr'><strong>et</strong></span> <span class='ocrx_word' id='word_1_28' title='bbox 501 835 703 915; x_wconf 88' lang='lat' dir='ltr'><strong>potestatem</strong></span> <span class='ocrx_word' id='word_1_29' title='bbox 721 826 794 893; x_wconf 90' lang='lat' dir='ltr'><strong>sine</strong></span> <span class='ocrx_word' id='word_1_30' title='bbox 811 828 1045 896; x_wconf 84' lang='lat' dir='ltr'><strong>rectaratione</strong></span> <span class='ocrx_word' id='word_1_31' title='bbox 1063 829 1104 896; x_wconf 93' lang='lat' dir='ltr'><strong>iis</strong></span> <span class='ocrx_word' id='word_1_32' title='bbox 1120 830 1236 897; x_wconf 90' lang='lat' dir='ltr'><strong>utendi</strong></span> 
     </span>
     <span class='ocr_line' id='line_1_6' title="bbox 164 951 1236 1046; baseline 0.003 -26"><span class='ocrx_word' id='word_1_33' title='bbox 164 951 370 1020; x_wconf 76' lang='lat' dir='ltr'><strong>ostenderet.</strong></span> <span class='ocrx_word' id='word_1_34' title='bbox 385 953 472 1021; x_wconf 81' lang='lat' dir='ltr'><strong>Cum</strong></span> <span class='ocrx_word' id='word_1_35' title='bbox 491 974 559 1018; x_wconf 92' lang='lat' dir='ltr'><strong>non</strong></span> <span class='ocrx_word' id='word_1_36' title='bbox 570 960 703 1018; x_wconf 89' lang='lat' dir='ltr'><strong>tautum</strong></span> <span class='ocrx_word' id='word_1_37' title='bbox 723 951 887 1020; x_wconf 87' lang='lat' dir='ltr'><strong>adversus</strong></span> <span class='ocrx_word' id='word_1_38' title='bbox 904 955 1091 1043; x_wconf 83' lang='lat' dir='ltr'><strong>sapientiae</strong></span> <span class='ocrx_word' id='word_1_39' title='bbox 1107 956 1236 1046; x_wconf 85' lang='lat' dir='ltr'><strong>profes-</strong></span> 
     </span>
    </p>
   </div>
   <div class='ocr_carea' id='block_1_3' title="bbox 162 1066 1237 1170">
    <p class='ocr_par' dir='ltr' id='par_1_3' title="bbox 162 1066 1237 1170">
     <span class='ocr_line' id='line_1_7' title="bbox 162 1066 1237 1170; baseline 0.003 -25"><span class='ocrx_word' id='word_1_40' title='bbox 162 1101 258 1146; x_wconf 81' lang='lat' dir='ltr'><strong>sores</strong></span> <span class='ocrx_word' id='word_1_41' title='bbox 275 1077 413 1144; x_wconf 83' lang='lat' dir='ltr'><strong>dimicet</strong></span> <span class='ocrx_word' id='word_1_42' title='bbox 426 1066 593 1165; x_wconf 53' lang='lat' dir='ltr'><strong>q&#39;uantum</strong></span> <span class='ocrx_word' id='word_1_43' title='bbox 612 1099 729 1144; x_wconf 87' lang='lat' dir='ltr'><strong>eorum</strong></span> <span class='ocrx_word' id='word_1_44' title='bbox 750 1100 876 1145; x_wconf 90' lang='lat' dir='ltr'><strong>munus</strong></span> <span class='ocrx_word' id='word_1_45' title='bbox 888 1080 978 1168; x_wconf 86' lang='lat' dir='ltr'><strong>quod</strong></span> <span class='ocrx_word' id='word_1_46' title='bbox 999 1080 1126 1170; x_wconf 90' lang='lat' dir='ltr'><strong>aliquid</strong></span> <span class='ocrx_word' id='word_1_47' title='bbox 1141 1082 1237 1148; x_wconf 92' lang='lat' dir='ltr'><strong>inau-</strong></span> 
     </span>
    </p>
   </div>
   <div class='ocr_carea' id='block_1_4' title="bbox 137 1201 1238 2292">
    <p class='ocr_par' dir='ltr' id='par_1_4' title="bbox 137 1201 1238 2292">
     <span class='ocr_line' id='line_1_8' title="bbox 137 1201 1238 1296; baseline 0.005 -27"><span class='ocrx_word' id='word_1_48' title='bbox 137 1230 139 1238; x_wconf 94' lang='lat'>·</span> <span class='ocrx_word' id='word_1_49' title='bbox 163 1203 223 1270; x_wconf 90' lang='lat' dir='ltr'><strong>diti</strong></span> <span class='ocrx_word' id='word_1_50' title='bbox 237 1213 270 1270; x_wconf 90' lang='lat' dir='ltr'><strong>et</strong></span> <span class='ocrx_word' id='word_1_51' title='bbox 284 1202 410 1269; x_wconf 79' lang='lat' dir='ltr'><strong>facticii</strong></span> <span class='ocrx_word' id='word_1_52' title='bbox 423 1201 568 1270; x_wconf 86' lang='lat' dir='ltr'><strong>habehat</strong></span> <span class='ocrx_word' id='word_1_53' title='bbox 579 1202 657 1268; x_wconf 89' lang='lat' dir='ltr'><strong>cum</strong></span> <span class='ocrx_word' id='word_1_54' title='bbox 669 1213 792 1269; x_wconf 87' lang='lat' dir='ltr'><strong>natura</strong></span> <span class='ocrx_word' id='word_1_55' title='bbox 813 1205 909 1292; x_wconf 89' lang='lat' dir='ltr'><strong>quasi</strong></span> <span class='ocrx_word' id='word_1_56' title='bbox 926 1207 1100 1296; x_wconf 87' lang='lat' dir='ltr'><strong>componit</strong></span> <span class='ocrx_word' id='word_1_57' title='bbox 1111 1207 1238 1274; x_wconf 89' lang='lat' dir='ltr'><strong>utendo</strong></span> 
     </span>
     <span class='ocr_line' id='line_1_9' title="bbox 163 1327 1234 1420; baseline 0.006 -26"><span class='ocrx_word' id='word_1_58' title='bbox 163 1328 324 1396; x_wconf 79' lang='lat' dir='ltr'><strong>familiari</strong></span> <span class='ocrx_word' id='word_1_59' title='bbox 349 1339 380 1394; x_wconf 88' lang='lat' dir='ltr'><strong>et</strong></span> <span class='ocrx_word' id='word_1_60' title='bbox 402 1327 551 1416; x_wconf 84' lang='lat' dir='ltr'><strong>benigno</strong></span> <span class='ocrx_word' id='word_1_61' title='bbox 573 1349 668 1394; x_wconf 89' lang='lat' dir='ltr'><strong>more</strong></span> <span class='ocrx_word' id='word_1_62' title='bbox 687 1327 845 1408; x_wconf 88' lang='lat' dir='ltr'><strong>docendi,</strong></span> <span class='ocrx_word' id='word_1_63' title='bbox 862 1369 906 1380; x_wconf 89' lang='lat'>-</span> <span class='ocrx_word' id='word_1_64' title='bbox 925 1353 1084 1420; x_wconf 87' lang='lat' dir='ltr'><strong>pereum</strong></span> <span class='ocrx_word' id='word_1_65' title='bbox 1105 1341 1137 1398; x_wconf 90' lang='lat' dir='ltr'><strong>et</strong></span> <span class='ocrx_word' id='word_1_66' title='bbox 1157 1355 1234 1399; x_wconf 89' lang='lat' dir='ltr'><strong>cum</strong></span> 
     </span>
     <span class='ocr_line' id='line_1_10' title="bbox 162 1452 1236 1544; baseline 0.002 -22"><span class='ocrx_word' id='word_1_67' title='bbox 162 1477 203 1522; x_wconf 88' lang='lat' dir='ltr'><strong>eo</strong></span> <span class='ocrx_word' id='word_1_68' title='bbox 222 1454 335 1544; x_wconf 86' lang='lat' dir='ltr'><strong>potius</strong></span> <span class='ocrx_word' id='word_1_69' title='bbox 358 1462 618 1520; x_wconf 87' lang='lat' dir='ltr'><strong>consummatur</strong></span> <span class='ocrx_word' id='word_1_70' title='bbox 634 1475 735 1542; x_wconf 92' lang='lat' dir='ltr'><strong>quam</strong></span> <span class='ocrx_word' id='word_1_71' title='bbox 755 1452 796 1519; x_wconf 85' lang='lat' dir='ltr'><strong>ab</strong></span> <span class='ocrx_word' id='word_1_72' title='bbox 813 1476 853 1520; x_wconf 90' lang='lat' dir='ltr'><strong>eo</strong></span> <span class='ocrx_word' id='word_1_73' title='bbox 877 1454 1043 1523; x_wconf 85' lang='lat' dir='ltr'><strong>refellitur</strong></span> <span class='ocrx_word' id='word_1_74' title='bbox 1068 1456 1236 1524; x_wconf 84' lang='lat' dir='ltr'><strong>institutio</strong></span> 
     </span>
     <span class='ocr_line' id='line_1_11' title="bbox 163 1577 1237 1671; baseline 0.001 -24"><span class='ocrx_word' id='word_1_75' title='bbox 163 1582 278 1647; x_wconf 87' lang='lat' dir='ltr'><strong>novae</strong></span> <span class='ocrx_word' id='word_1_76' title='bbox 293 1579 384 1646; x_wconf 89' lang='lat' dir='ltr'><strong>illius</strong></span> <span class='ocrx_word' id='word_1_77' title='bbox 411 1577 623 1667; x_wconf 86' lang='lat' dir='ltr'><strong>disciplinae.</strong></span> <span class='ocrx_word' id='word_1_78' title='bbox 645 1579 864 1645; x_wconf 84' lang='lat' dir='ltr'><strong>Transitusa</strong></span> <span class='ocrx_word' id='word_1_79' title='bbox 889 1579 1031 1668; x_wconf 88' lang='lat' dir='ltr'><strong>pristina</strong></span> <span class='ocrx_word' id='word_1_80' title='bbox 1055 1580 1237 1671; x_wconf 88' lang='lat' dir='ltr'><strong>disciplina</strong></span> 
     </span>
     <span class='ocr_line' id='line_1_12' title="bbox 162 1703 1236 1792; baseline 0.001 -20"><span class='ocrx_word' id='word_1_81' title='bbox 162 1705 253 1772; x_wconf 90' lang='lat' dir='ltr'><strong>circa</strong></span> <span class='ocrx_word' id='word_1_82' title='bbox 277 1703 443 1771; x_wconf 91' lang='lat' dir='ltr'><strong>musicam</strong></span> <span class='ocrx_word' id='word_1_83' title='bbox 468 1712 501 1769; x_wconf 91' lang='lat' dir='ltr'><strong>et</strong></span> <span class='ocrx_word' id='word_1_84' title='bbox 520 1703 771 1792; x_wconf 85' lang='lat' dir='ltr'><strong>gymnasticam</strong></span> <span class='ocrx_word' id='word_1_85' title='bbox 795 1715 954 1771; x_wconf 89' lang='lat' dir='ltr'><strong>versante</strong></span> <span class='ocrx_word' id='word_1_86' title='bbox 985 1704 1023 1771; x_wconf 87' lang='lat' dir='ltr'><strong>ad</strong></span> <span class='ocrx_word' id='word_1_87' title='bbox 1053 1728 1176 1772; x_wconf 90' lang='lat' dir='ltr'><strong>novam</strong></span> <span class='ocrx_word' id='word_1_88' title='bbox 1204 1717 1236 1773; x_wconf 92' lang='lat' dir='ltr'><strong>et</strong></span> 
     </span>
     <span class='ocr_line' id='line_1_13' title="bbox 162 1827 1235 1899; baseline 0.003 -3"><span class='ocrx_word' id='word_1_89' title='bbox 162 1828 350 1896; x_wconf 89' lang='lat' dir='ltr'><strong>inauditam</strong></span> <span class='ocrx_word' id='word_1_90' title='bbox 377 1837 410 1894; x_wconf 87' lang='lat' dir='ltr'><strong>et</strong></span> <span class='ocrx_word' id='word_1_91' title='bbox 434 1850 512 1894; x_wconf 93' lang='lat' dir='ltr'><strong>cum</strong></span> <span class='ocrx_word' id='word_1_92' title='bbox 536 1836 651 1894; x_wconf 87' lang='lat' dir='ltr'><strong>vetere</strong></span> <span class='ocrx_word' id='word_1_93' title='bbox 674 1827 849 1894; x_wconf 85' lang='lat' dir='ltr'><strong>civitatum</strong></span> <span class='ocrx_word' id='word_1_94' title='bbox 872 1829 988 1896; x_wconf 88' lang='lat' dir='ltr'><strong>habitu</strong></span> <span class='ocrx_word' id='word_1_95' title='bbox 1011 1830 1121 1898; x_wconf 87' lang='lat' dir='ltr'><strong>adhuc</strong></span> <span class='ocrx_word' id='word_1_96' title='bbox 1146 1832 1235 1899; x_wconf 90' lang='lat' dir='ltr'><strong>male</strong></span> 
     </span>
     <span class='ocr_line' id='line_1_14' title="bbox 161 1951 1235 2043; baseline 0.001 -21"><span class='ocrx_word' id='word_1_97' title='bbox 161 1964 408 2042; x_wconf 85' lang='lat' dir='ltr'><strong>congruentem</strong></span> <span class='ocrx_word' id='word_1_98' title='bbox 426 1975 464 2019; x_wconf 87' lang='lat' dir='ltr'><strong>ac</strong></span> <span class='ocrx_word' id='word_1_99' title='bbox 482 1953 667 2041; x_wconf 89' lang='lat' dir='ltr'><strong>suspicioni</strong></span> <span class='ocrx_word' id='word_1_100' title='bbox 688 1951 887 2032; x_wconf 85' lang='lat' dir='ltr'><strong>obnoxiam,</strong></span> <span class='ocrx_word' id='word_1_101' title='bbox 909 1964 942 2020; x_wconf 85' lang='lat' dir='ltr'><strong>et</strong></span> <span class='ocrx_word' id='word_1_102' title='bbox 962 1956 1058 2043; x_wconf 88' lang='lat' dir='ltr'><strong>quasi</strong></span> <span class='ocrx_word' id='word_1_103' title='bbox 1076 1958 1235 2023; x_wconf 89' lang='lat' dir='ltr'><strong>commis-</strong></span> 
     </span>
     <span class='ocr_line' id='line_1_15' title="bbox 162 2078 1235 2169; baseline 0.001 -22"><span class='ocrx_word' id='word_1_104' title='bbox 162 2104 242 2147; x_wconf 91' lang='lat' dir='ltr'><strong>sura</strong></span> <span class='ocrx_word' id='word_1_105' title='bbox 262 2081 350 2146; x_wconf 88' lang='lat' dir='ltr'><strong>inter</strong></span> <span class='ocrx_word' id='word_1_106' title='bbox 373 2102 444 2158; x_wconf 81' lang='lat' dir='ltr'><strong>eae,</strong></span> <span class='ocrx_word' id='word_1_107' title='bbox 472 2078 587 2145; x_wconf 72' lang='lat' dir='ltr'><strong>in&#39;illo</strong></span> <span class='ocrx_word' id='word_1_108' title='bbox 608 2079 662 2144; x_wconf 89' lang='lat' dir='ltr'><strong>siti</strong></span> <span class='ocrx_word' id='word_1_109' title='bbox 689 2088 768 2145; x_wconf 90' lang='lat' dir='ltr'><strong>sunt</strong></span> <span class='ocrx_word' id='word_1_110' title='bbox 791 2079 848 2167; x_wconf 83' lang='lat' dir='ltr'><strong>qui</strong></span> <span class='ocrx_word' id='word_1_111' title='bbox 874 2081 1014 2146; x_wconf 88' lang='lat' dir='ltr'><strong>caritate</strong></span> <span class='ocrx_word' id='word_1_112' title='bbox 1037 2103 1119 2169; x_wconf 84' lang='lat' dir='ltr'><strong>erga</strong></span> <span class='ocrx_word' id='word_1_113' title='bbox 1142 2081 1235 2149; x_wconf 88' lang='lat' dir='ltr'><strong>cives</strong></span> 
     </span>
     <span class='ocr_line' id='line_1_16' title="bbox 162 2187 724 2292; baseline -0.007 -19"><span class='ocrx_word' id='word_1_114' title='bbox 162 2187 242 2273; x_wconf 91' lang='lat' dir='ltr'><strong>suos</strong></span> <span class='ocrx_word' id='word_1_115' title='bbox 259 2227 317 2271; x_wconf 89' lang='lat' dir='ltr'><strong>eos</strong></span> <span class='ocrx_word' id='word_1_116' title='bbox 335 2203 584 2292; x_wconf 83' lang='lat' dir='ltr'><strong>philosophiam</strong></span> <span class='ocrx_word' id='word_1_117' title='bbox 597 2201 724 2269; x_wconf 92' lang='lat' dir='ltr'><strong>docuit.</strong></span> 
     </span>
    </p>
   </div>
   <div class='ocr_carea' id='block_1_5' title="bbox 0 0 1406 4814">
    <p class='ocr_par' dir='ltr' id='par_1_5' title="bbox 0 0 1406 4814">
     <span class='ocr_line' id='line_1_17' title="bbox 0 0 1406 4814; baseline 0 1"><span class='ocrx_word' id='word_1_118' title='bbox 0 0 1406 4814; x_wconf 95' lang='lat' dir='ltr'><strong> </strong></span> 
     </span>
    </p>
   </div>
  </div>
 </body>
</html>
