2804 4814
608 285 780 351 ...66-

162 441 388 531 simulatque
415 439 626 510 conditorem
648 442 805 529 (οἰκιστὴν)
825 441 972 507 civitatis
994 439 1176 529 cujusdam
1201 441 1234 506 in

162 576 276 633 mente
292 564 511 645 informatae,
528 564 768 654 philosophum
791 569 926 654 quoque
947 587 1023 631 esse
1048 564 1235 653 primordia

161 690 355 758 eommunis
379 690 518 779 generis
553 689 692 756 humani
717 690 807 755 vitae
830 689 1108 778 perspicientem,
1128 690 1174 754 ita
1200 698 1236 756 ut

161 825 320 883 naturam
336 816 483 883 civitatis
500 799 718 882 feretantum
740 814 781 880 ad
797 815 986 903 ingenitam
1002 815 1234 880 sinceritatem

162 945 347 1009 revocare¹
366 941 400 1007 in
416 941 530 1007 animo
551 940 719 1007 babuerit.
737 940 844 1006 Porro
865 938 946 1006 dum
968 940 1002 1005 in
1019 939 1133 1007 locum
1149 938 1236 1006 arbi-

160 1067 216 1134 trii
246 1078 387 1147 sortem,
415 1065 588 1138 inlocum
618 1065 785 1134 sortisvel
812 1075 956 1131 naturae
984 1065 1236 1154 praescriptum

162 1192 332 1281 quoddam
355 1191 517 1258 callidum
535 1190 575 1258 'et
590 1189 770 1280 providum
790 1190 1025 1277 amagistratu
1041 1189 1096 1256 vel
1119 1188 1235 1278 legum
1336 1214 1338 1219 ·

161 1315 337 1384 conditore
367 1315 608 1406 supponivult,
626 1325 658 1382 et
680 1315 820 1404 insuper
843 1315 1093 1382 simulationem
1118 1314 1236 1403 quam·

161 1442 238 1508 dam
261 1440 412 1507 adhiberi
434 1441 483 1507 rei
503 1450 594 1508 sorte
614 1463 683 1506 non
713 1440 856 1528 imperio
883 1439 1096 1528 gubernatae
1115 1442 1236 1528 (quum

162 1566 451 1656 praescriptorum
481 1565 820 1656 impatientissimum
853 1564 981 1652 aliquid
1021 1564 1064 1631 sit
1084 1564 1136 1630 vis
1166 1575 1235 1631 tam

164 1690 315 1757 belluina
347 1689 562 1778 generandi),
592 1712 707 1756 nenne
738 1688 828 1777 quod
860 1699 1025 1755 enatura
1049 1689 1093 1754 sit
1124 1690 1237 1756 omnis

162 1815 277 1904 legum
293 1813 423 1881 ordinis
435 1837 541 1903 quum
553 1814 695 1894 oriatur,
709 1812 873 1881 recludit?
892 1813 929 1880 ld
945 1823 1017 1880 est:
1035 1836 1096 1902 per
1109 1813 1237 1902 gradus

162 1940 342 2005 immutare
358 1949 390 2005 et
402 1949 535 2005 vertere
556 1939 645 2028 quod
668 1949 790 2005 natura
805 1950 869 2018 est,
882 1938 1130 2028 decipientibus
1146 1962 1238 2006 com-

167 2065 323 2130 missuris
347 2063 483 2133 utendo.
517 2065 664 2131 Necesse
684 2074 789 2131 estut
809 2074 842 2129 et
872 2063 987 2152 legum
1022 2060 1180 2131 conditor
1207 2074 1239 2130 et

167 2190 244 2257 illae
270 2190 364 2279 leges
385 2213 471 2279 quae
493 2200 606 2256 tamen
630 2200 667 2256 ut
694 2191 879 2256 intellectui
910 2199 1143 2277 congruentes
1161 2191 1237 2279 pol-

163 2315 247 2395 lent,
265 2314 362 2403 quasi
386 2314 572 2404 sophistam
595 2324 698 2404 agant
721 2337 798 2381 cum
825 2337 864 2380 ea
892 2324 986 2403 parte
1020 2314 1124 2380 animi
1150 2316 1238 2404 quae

164 2453 307 2509 naturae
324 2442 491 2531 pecudum
514 2441 642 2530 aliquid
658 2443 817 2521 retineat,
835 2451 868 2508 et
888 2440 1075 2508 mendaciis
1097 2451 1239 2508 utantur

163 2589 242 2633 oum
263 2590 303 2634 eo
320 2566 410 2655 quod
425 2567 623 2633 irrationale
642 2567 769 2632 animal
787 2566 842 2632 sit.
857 2565 1000 2647 Quidam
1022 2566 1105 2633 ordo
1120 2589 1238 2632 rerum

158 2690 218 2756 ·vel
240 2691 346 2759 altera
375 2701 498 2758 natura
517 2691 661 2758 consilio
691 2691 880 2757 instaurata
908 2691 942 2757 in
971 2700 1093 2757 natura
1122 2713 1237 2757 rerum

165 2815 246 2882 oriri
263 2816 381 2904 nequit
400 2839 511 2905 neque
530 2817 565 2882 in
582 2815 687 2882 multa
708 2816 844 2882 saecula
867 2815 1001 2881 fundari
1021 2816 1085 2881 nisi
1111 2815 1146 2882 in
1181 2816 1239 2882 illo

164 2938 311 3028 denique
326 2949 450 3006 natura
464 2939 536 3006 fieri
553 2963 593 3006 ea
605 2940 785 3006 videantur
796 2939 1036 3028 quaeconsilio
1050 2962 1239 3029 paucorum

165 3062 262 3129 liunt.
285 3065 426 3130 Necnon
442 3086 521 3132 eum
538 3064 615 3153 lege
640 3066 714 3154 ipsa
731 3075 873 3132 naturae
894 3069 994 3154 cujus
1012 3074 1123 3132 sortes
1141 3066 1238 3154 quasi

165 3188 279 3276 imago
296 3199 375 3254 sunt
395 3211 586 3278 congruere
599 3189 734 3256 videtur
759 3190 841 3257 illud
869 3190 1115 3279 procreationis
1144 3191 1240 3258 insti-

166 3322 275 3378 tutum
289 3335 395 3402 paene
411 3322 542 3379 tantum
560 3315 696 3403 optimis
710 3316 909 3404 permissae.
926 3315 1028 3404 Atqui
1040 3314 1118 3382 dolo
1135 3339 1196 3405 pro
1207 3317 1240 3383 vi

167 3436 213 3501 uti
232 3439 306 3504 vult
326 3437 422 3503 Plato
438 3437 553 3525 legum
571 3438 782 3506 conditorem
800 3440 880 3528 quia
899 3439 997 3507 dolus
1020 3462 1097 3506 cum
1113 3440 1146 3506 vi
1167 3441 1241 3531 ipsa
1270 3491 1273 3495 ψ

166 3570 308 3627 naturae
325 3561 452 3650 aliquid
467 3563 578 3629 simile
593 3563 729 3645 babeat,
743 3575 775 3631 et
789 3566 869 3654 quia
885 3566 913 3631 is
931 3566 988 3654 qui
1002 3564 1080 3631 dolo
1094 3565 1149 3631 vel
1166 3589 1240 3656 per-

167 3685 326 3752 suasione
342 3686 515 3753 inducitur
527 3687 568 3754 ad
584 3688 800 3757 efficiendum
814 3691 846 3755 id
861 3690 949 3779 quod
963 3690 1155 3779 intelligere
1171 3682 1240 3757 non

167 3820 280 3898 posset
302 3822 467 3899 quantum
484 3811 611 3879 bonum
628 3815 684 3894 sit,
695 3814 757 3881 sibi
771 3815 927 3882 videatur
942 3814 1087 3881 libenter
1101 3823 1223 3904 agere²
1230 3840 1238 3896 3
1279 3806 1281 3810 ¹

197 4079 206 4113 ¹
225 4083 316 4147 Resp,
335 4084 369 4145 11,
383 4087 428 4133 369
443 4099 466 4135 e.

198 4162 402 4247 ‘Nepotem
419 4173 450 4233 δὲ
470 4167 501 4233 οὗ
528 4197 555 4234 τι
579 4174 626 4234 καὶ
650 4179 770 4255 σμικρὸν
792 4175 911 4253 ἕφελος,
929 4172 952 4234 εἰ
977 4174 1025 4235 καὶ
1048 4178 1086 4252 μὴ
1112 4185 1197 4237 τοῦτο
1222 4175 1240 4252 ἦ
