2804 4814
519 281 691 345 ..75-

70 432 203 497 musica
227 431 281 496 vel
302 431 451 509 saltatio,
472 432 530 498 sed
553 455 595 498 cx
611 455 653 499 eo
676 432 765 522 quod
785 432 938 498 imitatur
959 431 1010 498 vcl
1033 431 1144 521 expri-

70 556 132 622 mit
149 555 202 622 vel
219 555 316 643 quasi
334 557 523 644 praecerpit
534 556 624 623 dicta
639 567 803 645 autgesta
819 555 983 622 moderati
1000 565 1033 623 ct
1048 555 1146 622 fortis

70 681 147 748 viri.
165 681 267 769 Atqui
287 681 385 747 sicuti
402 704 584 748 numerum
611 692 645 748 ct
666 682 880 749 harmoniam
905 681 1042 747 nonnisi
1064 703 1146 746 ora-

69 805 196 871 tionem
213 813 246 870 et
260 813 396 893 gestum
410 816 594 894 sequentes
606 807 702 873 Plato
712 807 851 896 patitur,
862 815 894 873 et
905 816 1025 872 contra
1035 827 1146 893 genus

71 928 237 996 orationis
248 928 428 1017 pedestris,
442 952 575 997 necnon
591 932 744 1020 expertia
755 931 852 1020 lyrae
865 932 1041 1019 poemata¹
1057 927 1148 996 haud

72 1052 1145 1144 magnilacitetpotiussuspectahabet,itaincusatpoetasquod

72 1178 187 1244 omnia
199 1178 335 1244 iriterse
356 1180 584 1267 repugnantia
596 1179 775 1259 miscere²‚
793 1179 942 1247 colorem
960 1179 1148 1267 modosque

72 1303 280 1369 feminarum
301 1303 355 1368 vel
377 1326 555 1371 servorum
584 1327 662 1370 cum
684 1303 798 1370 verbis
825 1304 991 1383 virorum,
1009 1314 1067 1370 aut
1086 1327 1148 1370 nu·

73 1450 187 1495 meros
203 1437 408 1517 gestumque
423 1429 654 1516 ingenuorum
672 1451 748 1495 cum
770 1430 924 1496 numeris
940 1439 973 1496 et
993 1430 1148 1496 oratione

73 1552 255 1619 admodum
273 1552 419 1618 diversis
440 1553 699 1620 accommodare
720 1554 864 1632 soleant,
883 1565 914 1620 et
936 1553 1023 1642 quod
1046 1553 1148 1619 etiam

72 1700 253 1744 numerum
279 1687 311 1744 et
326 1688 460 1766 gestum
484 1677 649 1767 (σχήματα)
667 1701 685 1743 a
701 1678 816 1775 modis
836 1678 1012 1758 divellant,
1030 1677 1150 1744 modos

73 1825 192 1870 rursus
204 1812 237 1868 et
253 1825 435 1869 numerum
449 1802 606 1882 averbiS,
624 1802 723 1869 tibias
743 1812 775 1870 et
791 1803 875 1870 lides
891 1827 910 1870 a
925 1812 1070 1870 cantuet
1085 1801 1149 1867 sal-

73 1928 215 1993 tatione.
232 1927 324 1993 Adeo
343 1927 508 2004 musicam
524 1926 707 2015 quamdam
725 1928 852 2016 cogitat
872 1928 994 1994 rationi
1014 1924 1149 1992 vivendi

75 2060 107 2117 et
127 2050 250 2140 agendi
267 2074 303 2118 se
321 2051 576 2117 infundentem!

120 2179 255 2245 Etenim
278 2201 353 2244 eam
375 2179 499 2245 rationi
524 2179 659 2245 vivendi
676 2203 712 2246 se
731 2178 912 2246 infundere
932 2200 1073 2244 necesse
1099 2186 1150 2243 est

75 2303 151 2371 ideo
171 2314 209 2370 ut
234 2303 368 2391 legibus
393 2303 541 2369 civitatis
563 2304 721 2392 quisque,
749 2327 816 2370 non
841 2305 872 2368 vi
891 2304 1074 2381 coercitus,
1091 2302 1150 2367 sed

75 2439 195 2517 sponte
216 2451 278 2494 sua
298 2438 331 2494 et
350 2427 460 2494 libens
476 2427 699 2518 obtemperet.
724 2429 825 2518 Atqui
842 2450 882 2494 eo
903 2429 991 2494 inter
1015 2450 1051 2493 se
1071 2449 1150 2492 con-

74 2554 218 2619 veniunt
238 2563 272 2619 et
296 2553 425 2619 musica
446 2563 478 2619 et
503 2553 598 2641 leges
620 2553 710 2642 quod
726 2553 862 2619 diversa
882 2563 1003 2618 cautus
1023 2574 1151 2639 genera

75 2702 162 2767 quae
177 2702 240 2745 nec
265 2679 409 2745 miscere
433 2702 496 2745 nec
518 2690 648 2749 mutare
665 2680 745 2746 olim
763 2679 813 2745 las
834 2689 938 2758 esset,
956 2685 1040 2762 νὲμοι
1056 2680 1150 2762 (arta-

76 2809 206 2894 ρῳδικσὶ)
234 2805 538 2887 vocaliantur³‚et
566 2805 655 2893 quod
686 2806 809 2894 cuique
839 2804 929 2871 civili
961 2803 1029 2892 legi
1055 2803 1152 2869 Plato

75 2928 259 3018 praescribi
271 2929 344 2994 vult
355 2929 458 2994 veluti
469 2930 681 3019 prooemium
696 2929 736 2995 ad
749 2927 1005 3018 persuadendos
1017 2928 1151 2994 animos

74 3053 383 3121 accommodatum.
416 3056 465 3119 En
483 3055 586 3142 igitur
599 3053 942 3121 utilibuslabularum
961 3052 1147 3119 mendaciis

73 3178 113 3245 de
131 3178 254 3268 quihus
273 3179 305 3244 in
319 3179 506 3268 Republica
526 3178 653 3244 dictum
672 3190 735 3256 est,
748 3179 789 3245 ad
804 3178 1005 3245 inserendos
1022 3177 1148 3243 animis

76 3303 258 3393 praecipue
277 3306 444 3393 juvenum
471 3303 603 3370 debitos
626 3303 767 3370 affectus
803 3302 1011 3393 adjiciuntur
1031 3312 1152 3369 cantus

75 3428 175 3515 (ὠδκὶ)
201 3451 384 3517 quaerere
404 3429 583 3495 cantiones
604 3428 741 3518 (ἐπωδαὶ)
764 3438 855 3494 sunt.

118 3554 156 3619 ln
185 3553 350 3620 musicam
380 3553 486 3642 igitur
507 3553 690 3620 incidimus
725 3576 812 3641 (pirae
840 3575 908 3618 nou
936 3552 1027 3618 circa
1056 3551 1153 3619 fictas

77 3679 239 3767 quasdam
254 3679 385 3745 fabulas
398 3688 568 3761 versatur,
579 3702 694 3745 verum
707 3679 809 3758 ludis
821 3677 1033 3744 orationibus
1048 3677 1154 3744 liomi-

106 3891 197 3973 1τοῖς
215 3904 267 3990 μὲν
290 3896 362 3976 μετὰ
386 3903 514 3980 μέτρων,
538 3908 611 3988 τοῖς.
624 3891 721 3960 δ’ἄνευ
744 3900 860 3980 ῥυθμῶν
880 3895 1056 3974 τμημάτων.
1077 3905 1155 3971 Lag„

77 4008 135 4069 vu,
155 4006 238 4056 sion.

106 4103 117 4136 Ι
132 4104 210 4167 Leg.,
227 4104 261 4165 ΙΙ,
272 4107 318 4152 669
328 4116 351 4152 c.

106 4201 117 4234 ³
134 4202 209 4265 Lag„
227 4201 364 4263 atroce.
