2804 4814
656 281 805 345 -6-

196 435 229 499 in
246 432 434 523 disciplinis
451 431 580 498 bellicis
601 433 787 521 imperator
808 433 1098 498 mercenariorum
1117 431 1170 498 vel
1188 432 1271 498 artis
1298 499 1303 525 Ι

197 557 352 623 militaris
370 556 532 644 magister
553 566 589 623 ut
604 557 794 646 Xenophon
819 556 893 636 luit,
914 579 983 623 non
998 559 1068 646 jam
1091 555 1146 622 alii
1169 579 1271 644 quam

196 683 316 752 Graeci
334 694 426 763 sunt,
445 683 502 749 vix
527 683 619 750 cives
640 682 743 750 ullius
763 683 922 750 civitatis.
954 682 1054 748 Tales
1077 692 1181 761 arteS,
1202 692 1271 748 tam

196 807 419 898 particulares
448 817 480 874 et
510 816 605 874 tanto
629 808 799 875 curiosius
821 806 976 873 excultae
1006 817 1133 895 quanto
1163 807 1273 895 magis

197 937 378 1023 sejunctae>
401 955 419 998 a
445 933 618 1022 proposito
639 936 738 1022 cujus
758 933 870 1021 gratia
890 932 1064 999 institutae
1085 943 1177 1011 sunt,
1194 955 1272 998 cum
1344 964 1345 968 ¹

198 1059 325 1138 futuro,
354 1080 422 1124 non
447 1079 525 1124 oum
554 1058 723 1146 praesenti
752 1057 927 1123 civitatum
955 1067 1043 1124 statu
1073 1080 1159 1145 quae
1183 1057 1274 1123 circa

198 1193 324 1272 paucas
341 1192 430 1249 artes
446 1182 652 1261 consistunt,
669 1191 876 1270 congruunt.
893 1182 930 1247 In
947 1181 1083 1248 civitate
1102 1183 1193 1247 enim
1209 1181 1273 1246 viri

199 1308 380 1398 praecipue
396 1308 488 1374 cives
500 1316 592 1387 sunt,
608 1307 764 1374 homines
785 1306 887 1372 unius
906 1307 1072 1386 muneris,
1088 1317 1119 1372 et
1132 1330 1171 1373 eo
1184 1306 1273 1405 quod

111 1484 114 1494 .
200 1432 402 1522 multiplicia
430 1443 463 1499 et
489 1433 590 1499 ‚varia
615 1455 757 1499 munera
785 1441 978 1511 assumunt,
1002 1455 1071 1498 non
1095 1435 1166 1521 jam
1197 1432 1275 1499 talis

201 1557 354 1624 muneris
369 1556 528 1623 homines
544 1566 624 1623 sunt
641 1565 676 1622 ut
692 1555 724 1622 id
742 1557 776 1622 in
794 1578 961 1645 perparvo
978 1555 1034 1634 illo
1049 1556 1186 1645 politico
1202 1579 1275 1622 eor-

201 1705 283 1773 pore
313 1680 472 1748 omnihus
502 1691 663 1771 appareat
687 1681 877 1747 clarissime
903 1689 936 1747 et
966 1681 1162 1748 necessario
1197 1704 1275 1748 cum

201 1809 336 1899 publica
357 1831 393 1875 re
408 1810 643 1896 conjunctum.

233 2060 339 2123 'lnter
359 2067 490 2124 ceteros
509 2057 564 2144 qui
587 2078 623 2121 se
644 2053 890 2144 profitebantur
910 2056 1096 2144 sapientiae
1121 2055 1277 2122 doctores

204 2189 391 2272 (praeterea
429 2180 518 2270 quod
554 2203 623 2246 non
662 2180 836 2268 professus
871 2190 921 2246 est
946 2203 1020 2246 sese
1053 2180 1154 2246 talem
1189 2184 1279 2268 esse)

205 2307 355 2376 Socratis
367 2305 541 2396 proprium
551 2303 634 2369 illud
645 2303 708 2369 fuit
720 2327 798 2370 eum
810 2326 890 2370 vere
901 2304 1143 2370 Atheniensem
1157 2304 1276 2377 luisse.

205 2435 288 2522 Ejus
307 2454 410 2521 opera
428 2430 561 2497 fundari
577 2429 811 2518 philosophiae
831 2429 1009 2519 disciplina
1026 2440 1170 2519 poterat,
1183 2431 1228 2497 ita
1244 2442 1279 2499 ut

205 2557 318 2623 locum
330 2577 497 2643 occupare
513 2554 602 2620 inter
616 2563 744 2620 ceteras
756 2564 846 2620 artes
863 2555 896 2620 in
913 2564 1003 2621 recta
1017 2555 1279 2644 civitatevigen-

206 2689 256 2745 tes
269 2677 459 2767 philosophi
476 2699 602 2742 munus
614 2678 979 2765 assuescerets-*quia
990 2678 1078 2767 apud
1090 2702 1167 2745 eum
1185 2690 1278 2766 φύσει,

207 2827 274 2871 non
292 2815 396 2892 τέχνῃ,
414 2811 447 2868 et
467 2800 563 2889 quasi
587 2811 706 2890 sponte
727 2824 801 2879 sua,
819 2800 1053 2891 philosophiae
1074 2827 1140 2870 non
1163 2803 1279 2869 alieni-

207 2952 317 3019 genae
350 2927 504 2994 doctrina
542 2937 573 2993 et
611 2926 789 3016 disciplina
824 2928 917 2993 nasci
957 2938 988 2993 et
1028 2929 1279 3016 quodammodo

209 3075 349 3120 manare
361 3051 574 3117 videbantur.
594 3052 727 3117 Etenim
749 3051 908 3118 meliores
925 3051 1067 3119 reddere
1083 3054 1176 3120 cives
1204 3076 1280 3120 sese

208 3177 388 3267 prolitetur
407 3176 553 3242 naturali
569 3186 701 3242 tantum
718 3177 887 3243 amicitiae
903 3177 1052 3266 impulsu
1074 3202 1155 3267 erga
1171 3179 1278 3258 cives,

208 3302 435 3392 propinqum,
465 3300 615 3379 vicinoS,
661 3300 864 3380 familiam,
917 3302 1074 3368 homines
1126 3302 1280 3392 ejusdem

208 3436 322 3511 δήμου;
340 3424 429 3490 nilin
443 3448 482 3491 eo
494 3434 545 3491 est
556 3425 638 3490 artis
651 3427 705 3514 cuj
712 3425 816 3511 usviS,
831 3428 889 3491 sed
899 3425 940 3492 ah
953 3427 1103 3493 hnmana
1115 3438 1237 3493 natura
1248 3437 1281 3493 et

210 3551 306 3640 quasi
319 3549 468 3616 fraterno
480 3548 592 3616 studio
608 3549 834 3638 proficiscitur
846 3551 1008 3640 quidquid
1021 3551 1116 3618 docet
1132 3553 1184 3617 vel
1197 3553 1278 3640 agit.

209 3677 302 3743 ddde
322 3674 410 3763 quod
431 3698 499 3741 non
517 3674 720 3740 lectionibus
740 3674 797 3740 sed
820 3673 1045 3742 fanriliarihus
1064 3676 1280 3743 sermouihus

210 3801 380 3876 utebatur,
399 3802 486 3866 inter
508 3800 668 3889 populum
687 3810 806 3866 natura
835 3801 918 3866 mire
935 3825 1131 3886 sermonum
1154 3813 1186 3867 et
1215 3802 1281 3867 dis-

209 3927 437 4017 ceptationum
469 3948 603 4013 semper
632 3924 799 4012 usquead
823 3924 1060 4012 loquacitatem
1080 3936 1280 4010 amatorem,

209 4063 280 4120 tum
313 4051 472 4130 maxime,
501 4050 722 4128 democratia,
754 4049 786 4114 id
825 4061 888 4129 est,
915 4060 1088 4116 oratorum
1116 4046 1281 4139 potestate

212 4179 360 4268 vigente.
397 4175 494 4258 Quod
532 4186 637 4244 totam
674 4175 776 4241 vitam
808 4175 886 4242 huic
926 4175 1119 4241 voluntario
1148 4175 1281 4243 muneri
