<?xml version="1.0" encoding="UTF-8"?>
<!DOCTYPE html PUBLIC "-//W3C//DTD XHTML 1.0 Transitional//EN"
    "http://www.w3.org/TR/xhtml1/DTD/xhtml1-transitional.dtd">
<html xmlns="http://www.w3.org/1999/xhtml" xml:lang="en" lang="en">
 <head>
  <title>
</title>
<meta http-equiv="Content-Type" content="text/html;charset=utf-8" />
  <meta name='ocr-system' content='tesseract 3.04.00' />
  <meta name='ocr-capabilities' content='ocr_page ocr_carea ocr_par ocr_line ocrx_word'/>
</head>
<body>
  <div class='ocr_page' id='page_1' title='image "./quaesitdoctrina00prgoog_0100.png"; bbox 0 0 2804 4814; ppageno 0'>
   <div class='ocr_carea' id='block_1_1' title="bbox 615 291 788 357">
    <p class='ocr_par' dir='ltr' id='par_1_1' title="bbox 615 291 788 357">
     <span class='ocr_line' id='line_1_1' title="bbox 615 291 788 357; baseline 0.012 -20"><span class='ocrx_word' id='word_1_1' title='bbox 615 291 788 357; x_wconf 60' lang='lat'>„79-</span> 
     </span>
    </p>
   </div>
   <div class='ocr_carea' id='block_1_2' title="bbox 142 440 1245 3907">
    <p class='ocr_par' dir='ltr' id='par_1_2' title="bbox 159 440 1240 786">
     <span class='ocr_line' id='line_1_2' title="bbox 160 440 1240 535; baseline -0.008 -20"><span class='ocrx_word' id='word_1_2' title='bbox 160 457 193 515; x_wconf 90' lang='lat' dir='ltr'>et</span> <span class='ocrx_word' id='word_1_3' title='bbox 211 448 349 514; x_wconf 91' lang='lat' dir='ltr'>nonnisi</span> <span class='ocrx_word' id='word_1_4' title='bbox 365 456 523 535; x_wconf 88' lang='lat' dir='ltr'>respectu</span> <span class='ocrx_word' id='word_1_5' title='bbox 544 447 666 512; x_wconf 90' lang='lat' dir='ltr'>aetatis</span> <span class='ocrx_word' id='word_1_6' title='bbox 686 448 762 535; x_wconf 88' lang='lat' dir='ltr'>ejus</span> <span class='ocrx_word' id='word_1_7' title='bbox 777 442 920 531; x_wconf 78' lang='lat' dir='ltr'>intelligi</span> <span class='ocrx_word' id='word_1_8' title='bbox 937 450 1100 532; x_wconf 84' lang='lat' dir='ltr'>possunt3</span> <span class='ocrx_word' id='word_1_9' title='bbox 1125 440 1184 507; x_wconf 88' lang='lat' dir='ltr'>sed</span> <span class='ocrx_word' id='word_1_10' title='bbox 1205 442 1240 506; x_wconf 93' lang='lat' dir='ltr'>in</span> 
     </span>
     <span class='ocr_line' id='line_1_3' title="bbox 159 565 1238 661; baseline -0.007 -23"><span class='ocrx_word' id='word_1_11' title='bbox 159 595 297 639; x_wconf 90' lang='lat' dir='ltr'>summa</span> <span class='ocrx_word' id='word_1_12' title='bbox 309 571 344 637; x_wconf 93' lang='lat' dir='ltr'>in</span> <span class='ocrx_word' id='word_1_13' title='bbox 355 581 526 661; x_wconf 90' lang='lat' dir='ltr'>posteram</span> <span class='ocrx_word' id='word_1_14' title='bbox 540 581 694 638; x_wconf 88' lang='lat' dir='ltr'>nostram</span> <span class='ocrx_word' id='word_1_15' title='bbox 707 591 845 658; x_wconf 90' lang='lat' dir='ltr'>quoque</span> <span class='ocrx_word' id='word_1_16' title='bbox 856 576 1002 634; x_wconf 89' lang='lat' dir='ltr'>aetatem</span> <span class='ocrx_word' id='word_1_17' title='bbox 1017 565 1238 644; x_wconf 81' lang='lat' dir='ltr'>vaticinatur,</span> 
     </span>
     <span class='ocr_line' id='line_1_4' title="bbox 161 695 912 786; baseline -0.007 -23"><span class='ocrx_word' id='word_1_18' title='bbox 161 720 267 786; x_wconf 93' lang='lat' dir='ltr'>quum</span> <span class='ocrx_word' id='word_1_19' title='bbox 290 696 381 785; x_wconf 92' lang='lat' dir='ltr'>quod</span> <span class='ocrx_word' id='word_1_20' title='bbox 396 706 574 762; x_wconf 89' lang='lat' dir='ltr'>aeternum</span> <span class='ocrx_word' id='word_1_21' title='bbox 591 695 635 761; x_wconf 92' lang='lat' dir='ltr'>sit</span> <span class='ocrx_word' id='word_1_22' title='bbox 654 695 912 784; x_wconf 69' lang='lat' dir='ltr'>complectatur.</span> 
     </span>
    </p>

    <p class='ocr_par' dir='ltr' id='par_1_3' title="bbox 142 815 1245 3532">
     <span class='ocr_line' id='line_1_5' title="bbox 142 815 1240 904; baseline -0.003 -22"><span class='ocrx_word' id='word_1_23' title='bbox 142 878 144 882; x_wconf 81' lang='grc'>,</span> <span class='ocrx_word' id='word_1_24' title='bbox 205 821 360 886; x_wconf 95' lang='lat' dir='ltr'>Primum</span> <span class='ocrx_word' id='word_1_25' title='bbox 385 829 477 886; x_wconf 90' lang='lat' dir='ltr'>certe</span> <span class='ocrx_word' id='word_1_26' title='bbox 506 819 590 885; x_wconf 92' lang='lat' dir='ltr'>nulli</span> <span class='ocrx_word' id='word_1_27' title='bbox 620 820 677 885; x_wconf 90' lang='lat' dir='ltr'>alii</span> <span class='ocrx_word' id='word_1_28' title='bbox 704 819 857 886; x_wconf 91' lang='lat' dir='ltr'>licuisset</span> <span class='ocrx_word' id='word_1_29' title='bbox 885 827 955 882; x_wconf 86' lang='lat' dir='ltr'>tam</span> <span class='ocrx_word' id='word_1_30' title='bbox 985 815 1109 882; x_wconf 89' lang='lat' dir='ltr'>acerba</span> <span class='ocrx_word' id='word_1_31' title='bbox 1130 815 1240 904; x_wconf 90' lang='lat' dir='ltr'>poetis</span> 
     </span>
     <span class='ocr_line' id='line_1_6' title="bbox 161 940 1241 1036; baseline -0.006 -24"><span class='ocrx_word' id='word_1_32' title='bbox 161 945 344 1036; x_wconf 88' lang='lat' dir='ltr'>objecisse,</span> <span class='ocrx_word' id='word_1_33' title='bbox 362 967 425 1011; x_wconf 89' lang='lat' dir='ltr'>nec</span> <span class='ocrx_word' id='word_1_34' title='bbox 439 967 521 1011; x_wconf 89' lang='lat' dir='ltr'>sane</span> <span class='ocrx_word' id='word_1_35' title='bbox 533 945 563 1010; x_wconf 89' lang='lat' dir='ltr'>ei</span> <span class='ocrx_word' id='word_1_36' title='bbox 575 944 729 1011; x_wconf 75' lang='lat' dir='ltr'>licuisset</span> <span class='ocrx_word' id='word_1_37' title='bbox 742 944 798 1031; x_wconf 92' lang='lat' dir='ltr'>qui</span> <span class='ocrx_word' id='word_1_38' title='bbox 812 965 924 1030; x_wconf 90' lang='lat' dir='ltr'>neque</span> <span class='ocrx_word' id='word_1_39' title='bbox 935 941 1067 1030; x_wconf 84' lang='lat' dir='ltr'>poesim</span> <span class='ocrx_word' id='word_1_40' title='bbox 1080 941 1152 1029; x_wconf 90' lang='lat' dir='ltr'>ipse</span> <span class='ocrx_word' id='word_1_41' title='bbox 1165 940 1241 1006; x_wconf 89' lang='lat' dir='ltr'>atti·</span> 
     </span>
     <span class='ocr_line' id='line_1_7' title="bbox 161 1064 1241 1161; baseline -0.005 -24"><span class='ocrx_word' id='word_1_42' title='bbox 161 1072 283 1161; x_wconf 88' lang='lat' dir='ltr'>gisset,</span> <span class='ocrx_word' id='word_1_43' title='bbox 303 1093 415 1158; x_wconf 89' lang='lat' dir='ltr'>neque</span> <span class='ocrx_word' id='word_1_44' title='bbox 436 1070 505 1137; x_wconf 91' lang='lat' dir='ltr'>vim</span> <span class='ocrx_word' id='word_1_45' title='bbox 524 1079 557 1160; x_wconf 86' lang='lat' dir='ltr'>et</span> <span class='ocrx_word' id='word_1_46' title='bbox 571 1070 722 1137; x_wconf 86' lang='lat' dir='ltr'>colorem</span> <span class='ocrx_word' id='word_1_47' title='bbox 748 1068 920 1158; x_wconf 90' lang='lat' dir='ltr'>poeticum</span> <span class='ocrx_word' id='word_1_48' title='bbox 933 1066 1052 1156; x_wconf 84' lang='lat' dir='ltr'>generi</span> <span class='ocrx_word' id='word_1_49' title='bbox 1069 1064 1241 1132; x_wconf 90' lang='lat' dir='ltr'>scribendi</span> 
     </span>
     <span class='ocr_line' id='line_1_8' title="bbox 161 1196 1241 1286; baseline -0.001 -22"><span class='ocrx_word' id='word_1_50' title='bbox 161 1199 309 1265; x_wconf 92' lang='lat' dir='ltr'>multum</span> <span class='ocrx_word' id='word_1_51' title='bbox 322 1196 444 1286; x_wconf 90' lang='lat' dir='ltr'>apoesi</span> <span class='ocrx_word' id='word_1_52' title='bbox 454 1196 836 1281; x_wconf 86' lang='lat' dir='ltr'>diverso,adhihuisset,</span> <span class='ocrx_word' id='word_1_53' title='bbox 845 1205 1016 1285; x_wconf 88' lang='lat' dir='ltr'>neque,ut</span> <span class='ocrx_word' id='word_1_54' title='bbox 1026 1197 1124 1266; x_wconf 89' lang='lat' dir='ltr'>Plato</span> <span class='ocrx_word' id='word_1_55' title='bbox 1134 1197 1241 1264; x_wconf 86' lang='lat' dir='ltr'>luisse</span> 
     </span>
     <span class='ocr_line' id='line_1_9' title="bbox 162 1320 1241 1410; baseline -0.002 -21"><span class='ocrx_word' id='word_1_56' title='bbox 162 1323 311 1403; x_wconf 91' lang='lat' dir='ltr'>videtur,</span> <span class='ocrx_word' id='word_1_57' title='bbox 322 1322 473 1389; x_wconf 83' lang='lat' dir='ltr'>musicae</span> <span class='ocrx_word' id='word_1_58' title='bbox 487 1321 744 1388; x_wconf 88' lang='lat' dir='ltr'>amantissimus</span> <span class='ocrx_word' id='word_1_59' title='bbox 753 1320 885 1387; x_wconf 87' lang='lat' dir='ltr'>luisset.</span> <span class='ocrx_word' id='word_1_60' title='bbox 894 1322 969 1389; x_wconf 93' lang='lat' dir='ltr'>Non</span> <span class='ocrx_word' id='word_1_61' title='bbox 979 1320 1077 1388; x_wconf 90' lang='lat' dir='ltr'>aliter</span> <span class='ocrx_word' id='word_1_62' title='bbox 1090 1322 1120 1388; x_wconf 93' lang='lat' dir='ltr'>ei</span> <span class='ocrx_word' id='word_1_63' title='bbox 1130 1322 1241 1410; x_wconf 91' lang='lat' dir='ltr'>magis</span> 
     </span>
     <span class='ocr_line' id='line_1_10' title="bbox 163 1445 1242 1537; baseline -0.005 -22"><span class='ocrx_word' id='word_1_64' title='bbox 163 1471 267 1537; x_wconf 88' lang='lat' dir='ltr'>quam</span> <span class='ocrx_word' id='word_1_65' title='bbox 288 1448 449 1537; x_wconf 87' lang='lat' dir='ltr'>cuiquam</span> <span class='ocrx_word' id='word_1_66' title='bbox 470 1447 525 1512; x_wconf 89' lang='lat' dir='ltr'>alii</span> <span class='ocrx_word' id='word_1_67' title='bbox 539 1469 600 1536; x_wconf 89' lang='lat' dir='ltr'>par</span> <span class='ocrx_word' id='word_1_68' title='bbox 615 1446 678 1514; x_wconf 88' lang='lat' dir='ltr'>luit</span> <span class='ocrx_word' id='word_1_69' title='bbox 694 1445 904 1535; x_wconf 87' lang='lat' dir='ltr'>subjungere</span> <span class='ocrx_word' id='word_1_70' title='bbox 920 1446 1054 1535; x_wconf 89' lang='lat' dir='ltr'>legihus</span> <span class='ocrx_word' id='word_1_71' title='bbox 1074 1469 1112 1513; x_wconf 87' lang='lat' dir='ltr'>ac</span> <span class='ocrx_word' id='word_1_72' title='bbox 1134 1446 1242 1535; x_wconf 85' lang='lat' dir='ltr'>justi-</span> 
     </span>
     <span class='ocr_line' id='line_1_11' title="bbox 164 1571 1242 1661; baseline 0 -23"><span class='ocrx_word' id='word_1_73' title='bbox 164 1574 231 1640; x_wconf 90' lang='lat' dir='ltr'>tiae</span> <span class='ocrx_word' id='word_1_74' title='bbox 263 1572 296 1643; x_wconf 92' lang='lat' dir='ltr'>id</span> <span class='ocrx_word' id='word_1_75' title='bbox 324 1572 413 1661; x_wconf 92' lang='lat' dir='ltr'>quod</span> <span class='ocrx_word' id='word_1_76' title='bbox 444 1582 587 1639; x_wconf 91' lang='lat' dir='ltr'>naturae</span> <span class='ocrx_word' id='word_1_77' title='bbox 607 1572 650 1637; x_wconf 91' lang='lat' dir='ltr'>sit</span> <span class='ocrx_word' id='word_1_78' title='bbox 670 1571 800 1637; x_wconf 88' lang='lat' dir='ltr'>scilicet</span> <span class='ocrx_word' id='word_1_79' title='bbox 815 1572 884 1637; x_wconf 93' lang='lat' dir='ltr'>vim</span> <span class='ocrx_word' id='word_1_80' title='bbox 916 1594 956 1638; x_wconf 90' lang='lat' dir='ltr'>ac</span> <span class='ocrx_word' id='word_1_81' title='bbox 980 1594 1076 1661; x_wconf 92' lang='lat' dir='ltr'>opes,</span> <span class='ocrx_word' id='word_1_82' title='bbox 1091 1582 1124 1638; x_wconf 94' lang='lat' dir='ltr'>et</span> <span class='ocrx_word' id='word_1_83' title='bbox 1153 1571 1242 1638; x_wconf 81' lang='lat' dir='ltr'>lianc</span> 
     </span>
     <span class='ocr_line' id='line_1_12' title="bbox 164 1695 1242 1786; baseline -0.003 -22"><span class='ocrx_word' id='word_1_84' title='bbox 164 1697 371 1764; x_wconf 90' lang='lat' dir='ltr'>sententiam</span> <span class='ocrx_word' id='word_1_85' title='bbox 393 1696 559 1786; x_wconf 88' lang='lat' dir='ltr'>prolerre,</span> <span class='ocrx_word' id='word_1_86' title='bbox 569 1695 738 1786; x_wconf 86' lang='lat' dir='ltr'>justitiam</span> <span class='ocrx_word' id='word_1_87' title='bbox 756 1695 850 1761; x_wconf 91' lang='lat' dir='ltr'>aliud</span> <span class='ocrx_word' id='word_1_88' title='bbox 868 1719 944 1762; x_wconf 90' lang='lat' dir='ltr'>csse</span> <span class='ocrx_word' id='word_1_89' title='bbox 961 1718 1000 1762; x_wconf 91' lang='lat' dir='ltr'>ac</span> <span class='ocrx_word' id='word_1_90' title='bbox 1022 1696 1182 1786; x_wconf 88' lang='lat' dir='ltr'>quiddam</span> <span class='ocrx_word' id='word_1_91' title='bbox 1200 1696 1242 1762; x_wconf 90' lang='lat' dir='ltr'>ab</span> 
     </span>
     <span class='ocr_line' id='line_1_13' title="bbox 164 1819 1242 1909; baseline -0.001 -22"><span class='ocrx_word' id='word_1_92' title='bbox 164 1822 312 1888; x_wconf 83' lang='lat' dir='ltr'>infirmis</span> <span class='ocrx_word' id='word_1_93' title='bbox 346 1821 579 1909; x_wconf 86' lang='lat' dir='ltr'>excogitatum</span> <span class='ocrx_word' id='word_1_94' title='bbox 604 1829 637 1885; x_wconf 92' lang='lat' dir='ltr'>et</span> <span class='ocrx_word' id='word_1_95' title='bbox 662 1843 680 1884; x_wconf 90' lang='lat' dir='ltr'>a</span> <span class='ocrx_word' id='word_1_96' title='bbox 707 1842 827 1908; x_wconf 90' lang='lat' dir='ltr'>parum</span> <span class='ocrx_word' id='word_1_97' title='bbox 863 1819 1009 1887; x_wconf 87' lang='lat' dir='ltr'>fortibus</span> <span class='ocrx_word' id='word_1_98' title='bbox 1033 1821 1091 1909; x_wconf 90' lang='lat' dir='ltr'>qui</span> <span class='ocrx_word' id='word_1_99' title='bbox 1119 1821 1242 1887; x_wconf 91' lang='lat' dir='ltr'>timore</span> 
     </span>
     <span class='ocr_line' id='line_1_14' title="bbox 164 1943 1242 2034; baseline -0.002 -22"><span class='ocrx_word' id='word_1_100' title='bbox 164 1955 296 2012; x_wconf 91' lang='lat' dir='ltr'>tantum</span> <span class='ocrx_word' id='word_1_101' title='bbox 323 1945 469 2034; x_wconf 89' lang='lat' dir='ltr'>injuriae</span> <span class='ocrx_word' id='word_1_102' title='bbox 492 1943 690 2010; x_wconf 90' lang='lat' dir='ltr'>subeundae</span> <span class='ocrx_word' id='word_1_103' title='bbox 711 1945 877 2033; x_wconf 85' lang='lat' dir='ltr'>justitiam</span> <span class='ocrx_word' id='word_1_104' title='bbox 910 1944 1181 2034; x_wconf 84' lang='lat' dir='ltr'>amplectantur3</span> <span class='ocrx_word' id='word_1_105' title='bbox 1198 1985 1242 1995; x_wconf 94' lang='lat'>-</span> 
     </span>
     <span class='ocr_line' id='line_1_15' title="bbox 166 2069 1241 2158; baseline 0 -23"><span class='ocrx_word' id='word_1_106' title='bbox 166 2069 361 2158; x_wconf 90' lang='lat' dir='ltr'>quumipse</span> <span class='ocrx_word' id='word_1_107' title='bbox 392 2077 472 2134; x_wconf 89' lang='lat' dir='ltr'>natu</span> <span class='ocrx_word' id='word_1_108' title='bbox 503 2078 535 2133; x_wconf 87' lang='lat' dir='ltr'>et</span> <span class='ocrx_word' id='word_1_109' title='bbox 567 2069 727 2134; x_wconf 87' lang='lat' dir='ltr'>amicitiis</span> <span class='ocrx_word' id='word_1_110' title='bbox 754 2069 955 2157; x_wconf 89' lang='lat' dir='ltr'>optimatum</span> <span class='ocrx_word' id='word_1_111' title='bbox 987 2080 1092 2149; x_wconf 89' lang='lat' dir='ltr'>esset,</span> <span class='ocrx_word' id='word_1_112' title='bbox 1115 2069 1241 2136; x_wconf 82' lang='lat' dir='ltr'>Critiae</span> 
     </span>
     <span class='ocr_line' id='line_1_16' title="bbox 165 2192 1240 2283; baseline 0 -23"><span class='ocrx_word' id='word_1_113' title='bbox 165 2204 347 2282; x_wconf 77' lang='lat' dir='ltr'>cognatuS,</span> <span class='ocrx_word' id='word_1_114' title='bbox 365 2192 575 2281; x_wconf 83' lang='lat' dir='ltr'>aliquamdiu</span> <span class='ocrx_word' id='word_1_115' title='bbox 607 2193 771 2283; x_wconf 84' lang='lat' dir='ltr'>Dionysio</span> <span class='ocrx_word' id='word_1_116' title='bbox 799 2217 837 2259; x_wconf 87' lang='lat' dir='ltr'>ac</span> <span class='ocrx_word' id='word_1_117' title='bbox 858 2193 928 2260; x_wconf 88' lang='lat' dir='ltr'>lilio</span> <span class='ocrx_word' id='word_1_118' title='bbox 950 2197 1025 2283; x_wconf 80' lang='lat' dir='ltr'>ejus</span> <span class='ocrx_word' id='word_1_119' title='bbox 1047 2194 1240 2274; x_wconf 77' lang='lat' dir='ltr'>familiaria,</span> 
     </span>
     <span class='ocr_line' id='line_1_17' title="bbox 166 2318 1241 2409; baseline 0 -23"><span class='ocrx_word' id='word_1_120' title='bbox 166 2343 236 2386; x_wconf 91' lang='lat' dir='ltr'>rem</span> <span class='ocrx_word' id='word_1_121' title='bbox 267 2318 409 2387; x_wconf 88' lang='lat' dir='ltr'>habens.</span> <span class='ocrx_word' id='word_1_122' title='bbox 433 2321 525 2385; x_wconf 89' lang='lat' dir='ltr'>llaec</span> <span class='ocrx_word' id='word_1_123' title='bbox 560 2341 716 2398; x_wconf 88' lang='lat' dir='ltr'>munera,</span> <span class='ocrx_word' id='word_1_124' title='bbox 734 2319 905 2408; x_wconf 90' lang='lat' dir='ltr'>poeticum</span> <span class='ocrx_word' id='word_1_125' title='bbox 931 2319 1123 2407; x_wconf 86' lang='lat' dir='ltr'>ingenium,</span> <span class='ocrx_word' id='word_1_126' title='bbox 1145 2342 1241 2409; x_wconf 93' lang='lat' dir='ltr'>opes,</span> 
     </span>
     <span class='ocr_line' id='line_1_18' title="bbox 165 2443 1243 2534; baseline 0 -25"><span class='ocrx_word' id='word_1_127' title='bbox 165 2444 394 2523; x_wconf 82' lang='lat' dir='ltr'>nobilitatem,</span> <span class='ocrx_word' id='word_1_128' title='bbox 410 2445 612 2534; x_wconf 89' lang='lat' dir='ltr'>potentiam,</span> <span class='ocrx_word' id='word_1_129' title='bbox 634 2444 691 2532; x_wconf 89' lang='lat' dir='ltr'>qui</span> <span class='ocrx_word' id='word_1_130' title='bbox 718 2443 964 2534; x_wconf 86' lang='lat' dir='ltr'>praegustavit,</span> <span class='ocrx_word' id='word_1_131' title='bbox 986 2466 1090 2532; x_wconf 91' lang='lat' dir='ltr'>quum</span> <span class='ocrx_word' id='word_1_132' title='bbox 1115 2443 1243 2533; x_wconf 88' lang='lat' dir='ltr'>aliquid</span> 
     </span>
     <span class='ocr_line' id='line_1_19' title="bbox 167 2567 1242 2656; baseline -0.001 -22"><span class='ocrx_word' id='word_1_133' title='bbox 167 2572 279 2656; x_wconf 83' lang='lat' dir='ltr'>majus</span> <span class='ocrx_word' id='word_1_134' title='bbox 311 2578 344 2635; x_wconf 89' lang='lat' dir='ltr'>et</span> <span class='ocrx_word' id='word_1_135' title='bbox 376 2568 499 2635; x_wconf 90' lang='lat' dir='ltr'>melius</span> <span class='ocrx_word' id='word_1_136' title='bbox 530 2569 582 2634; x_wconf 80' lang='lat' dir='ltr'>liis</span> <span class='ocrx_word' id='word_1_137' title='bbox 608 2568 824 2656; x_wconf 89' lang='lat' dir='ltr'>cogitaverit,</span> <span class='ocrx_word' id='word_1_138' title='bbox 851 2567 883 2633; x_wconf 94' lang='lat' dir='ltr'>id</span> <span class='ocrx_word' id='word_1_139' title='bbox 917 2590 986 2634; x_wconf 91' lang='lat' dir='ltr'>non</span> <span class='ocrx_word' id='word_1_140' title='bbox 1016 2577 1159 2648; x_wconf 90' lang='lat' dir='ltr'>temere,</span> <span class='ocrx_word' id='word_1_141' title='bbox 1183 2567 1242 2633; x_wconf 91' lang='lat' dir='ltr'>sed</span> 
     </span>
     <span class='ocr_line' id='line_1_20' title="bbox 168 2691 1242 2782; baseline -0.004 -22"><span class='ocrx_word' id='word_1_142' title='bbox 168 2693 322 2782; x_wconf 92' lang='lat' dir='ltr'>utrisque</span> <span class='ocrx_word' id='word_1_143' title='bbox 361 2693 568 2782; x_wconf 89' lang='lat' dir='ltr'>comparatis</span> <span class='ocrx_word' id='word_1_144' title='bbox 598 2692 809 2782; x_wconf 85' lang='lat' dir='ltr'>praepollere</span> <span class='ocrx_word' id='word_1_145' title='bbox 836 2691 1034 2780; x_wconf 82' lang='lat' dir='ltr'>profitetur3</span> <span class='ocrx_word' id='word_1_146' title='bbox 1053 2691 1242 2759; x_wconf 90' lang='lat' dir='ltr'>secundum</span> 
     </span>
     <span class='ocr_line' id='line_1_21' title="bbox 166 2811 1243 2905; baseline 0 -22"><span class='ocrx_word' id='word_1_147' title='bbox 166 2811 365 2884; x_wconf 89' lang='lat' dir='ltr'>dialecticae</span> <span class='ocrx_word' id='word_1_148' title='bbox 386 2819 553 2883; x_wconf 89' lang='lat' dir='ltr'>rationem</span> <span class='ocrx_word' id='word_1_149' title='bbox 570 2816 611 2882; x_wconf 90' lang='lat' dir='ltr'>ad</span> <span class='ocrx_word' id='word_1_150' title='bbox 632 2816 768 2883; x_wconf 87' lang='lat' dir='ltr'>culmen</span> <span class='ocrx_word' id='word_1_151' title='bbox 782 2815 861 2883; x_wconf 88' lang='lat' dir='ltr'>boni</span> <span class='ocrx_word' id='word_1_152' title='bbox 874 2839 934 2905; x_wconf 88' lang='lat' dir='ltr'>per</span> <span class='ocrx_word' id='word_1_153' title='bbox 949 2814 1082 2883; x_wconf 87' lang='lat' dir='ltr'>debitos</span> <span class='ocrx_word' id='word_1_154' title='bbox 1100 2815 1243 2905; x_wconf 79' lang='lat' dir='ltr'>graduS,</span> 
     </span>
     <span class='ocr_line' id='line_1_22' title="bbox 167 2941 1245 3030; baseline -0.001 -21"><span class='ocrx_word' id='word_1_155' title='bbox 167 2966 230 3009; x_wconf 90' lang='lat' dir='ltr'>nec</span> <span class='ocrx_word' id='word_1_156' title='bbox 259 2943 397 3010; x_wconf 88' lang='lat' dir='ltr'>omissis</span> <span class='ocrx_word' id='word_1_157' title='bbox 418 2953 451 3009; x_wconf 88' lang='lat' dir='ltr'>et</span> <span class='ocrx_word' id='word_1_158' title='bbox 473 2942 610 3009; x_wconf 91' lang='lat' dir='ltr'>illibatis</span> <span class='ocrx_word' id='word_1_159' title='bbox 641 2943 738 3030; x_wconf 88' lang='lat' dir='ltr'>quasi</span> <span class='ocrx_word' id='word_1_160' title='bbox 763 2941 884 3008; x_wconf 92' lang='lat' dir='ltr'>mediis</span> <span class='ocrx_word' id='word_1_161' title='bbox 911 2941 1011 3008; x_wconf 90' lang='lat' dir='ltr'>honis</span> <span class='ocrx_word' id='word_1_162' title='bbox 1040 2964 1076 3008; x_wconf 89' lang='lat' dir='ltr'>se</span> <span class='ocrx_word' id='word_1_163' title='bbox 1107 2941 1245 3009; x_wconf 88' lang='lat' dir='ltr'>sustulit</span> 
     </span>
     <span class='ocr_line' id='line_1_23' title="bbox 167 3068 1244 3157; baseline -0.002 -22"><span class='ocrx_word' id='word_1_164' title='bbox 167 3069 339 3135; x_wconf 91' lang='lat' dir='ltr'>contraria</span> <span class='ocrx_word' id='word_1_165' title='bbox 349 3069 511 3135; x_wconf 90' lang='lat' dir='ltr'>continuo</span> <span class='ocrx_word' id='word_1_166' title='bbox 524 3090 708 3157; x_wconf 88' lang='lat' dir='ltr'>progressu</span> <span class='ocrx_word' id='word_1_167' title='bbox 721 3089 947 3156; x_wconf 83' lang='lat' dir='ltr'>cornponcns3</span> <span class='ocrx_word' id='word_1_168' title='bbox 960 3070 1062 3155; x_wconf 89' lang='lat' dir='ltr'>(quae</span> <span class='ocrx_word' id='word_1_169' title='bbox 1072 3068 1244 3134; x_wconf 88' lang='lat' dir='ltr'>contraria</span> 
     </span>
     <span class='ocr_line' id='line_1_24' title="bbox 168 3190 1244 3281; baseline 0 -22"><span class='ocrx_word' id='word_1_170' title='bbox 168 3216 210 3259; x_wconf 88' lang='lat' dir='ltr'>ex</span> <span class='ocrx_word' id='word_1_171' title='bbox 240 3193 314 3281; x_wconf 90' lang='lat' dir='ltr'>ipsa</span> <span class='ocrx_word' id='word_1_172' title='bbox 345 3203 468 3258; x_wconf 89' lang='lat' dir='ltr'>natura</span> <span class='ocrx_word' id='word_1_173' title='bbox 484 3191 684 3258; x_wconf 85' lang='lat' dir='ltr'>refutatoria</span> <span class='ocrx_word' id='word_1_174' title='bbox 714 3190 840 3279; x_wconf 86' lang='lat' dir='ltr'>dialogi</span> <span class='ocrx_word' id='word_1_175' title='bbox 863 3191 1028 3270; x_wconf 91' lang='lat' dir='ltr'>eminent,</span> <span class='ocrx_word' id='word_1_176' title='bbox 1056 3214 1159 3280; x_wconf 88' lang='lat' dir='ltr'>saepe</span> <span class='ocrx_word' id='word_1_177' title='bbox 1183 3194 1244 3281; x_wconf 91' lang='lat' dir='ltr'>pro</span> 
     </span>
     <span class='ocr_line' id='line_1_25' title="bbox 165 3315 1245 3409; baseline 0 -26"><span class='ocrx_word' id='word_1_178' title='bbox 165 3318 304 3409; x_wconf 86' lang='lat' dir='ltr'>juniore</span> <span class='ocrx_word' id='word_1_179' title='bbox 326 3316 472 3406; x_wconf 90' lang='lat' dir='ltr'>quodam</span> <span class='ocrx_word' id='word_1_180' title='bbox 495 3327 528 3383; x_wconf 89' lang='lat' dir='ltr'>et</span> <span class='ocrx_word' id='word_1_181' title='bbox 549 3316 755 3383; x_wconf 87' lang='lat' dir='ltr'>animosiore</span> <span class='ocrx_word' id='word_1_182' title='bbox 773 3315 915 3381; x_wconf 88' lang='lat' dir='ltr'>Platone</span> <span class='ocrx_word' id='word_1_183' title='bbox 939 3325 1052 3403; x_wconf 89' lang='lat' dir='ltr'>partes</span> <span class='ocrx_word' id='word_1_184' title='bbox 1080 3315 1245 3383; x_wconf 88' lang='lat' dir='ltr'>adversus</span> 
     </span>
     <span class='ocr_line' id='line_1_26' title="bbox 170 3441 1138 3532; baseline -0.008 -18"><span class='ocrx_word' id='word_1_185' title='bbox 170 3445 345 3514; x_wconf 86' lang='lat' dir='ltr'>Socratem</span> <span class='ocrx_word' id='word_1_186' title='bbox 364 3452 487 3532; x_wconf 88' lang='lat' dir='ltr'>agente</span> <span class='ocrx_word' id='word_1_187' title='bbox 504 3442 557 3508; x_wconf 92' lang='lat' dir='ltr'>vel</span> <span class='ocrx_word' id='word_1_188' title='bbox 578 3442 752 3509; x_wconf 87' lang='lat' dir='ltr'>Glaucone</span> <span class='ocrx_word' id='word_1_189' title='bbox 765 3441 818 3507; x_wconf 91' lang='lat' dir='ltr'>vel</span> <span class='ocrx_word' id='word_1_190' title='bbox 838 3441 904 3507; x_wconf 88' lang='lat' dir='ltr'>alio</span> <span class='ocrx_word' id='word_1_191' title='bbox 917 3441 1138 3530; x_wconf 86' lang='lat' dir='ltr'>disputante).</span> 
     </span>
    </p>

    <p class='ocr_par' dir='ltr' id='par_1_4' title="bbox 169 3565 1245 3907">
     <span class='ocr_line' id='line_1_27' title="bbox 213 3565 1244 3657; baseline -0.004 -22"><span class='ocrx_word' id='word_1_192' title='bbox 213 3569 232 3636; x_wconf 87' lang='lat' dir='ltr'>J</span> <span class='ocrx_word' id='word_1_193' title='bbox 237 3590 296 3634; x_wconf 90' lang='lat' dir='ltr'>ure</span> <span class='ocrx_word' id='word_1_194' title='bbox 317 3567 406 3657; x_wconf 93' lang='lat' dir='ltr'>apud</span> <span class='ocrx_word' id='word_1_195' title='bbox 420 3568 596 3634; x_wconf 90' lang='lat' dir='ltr'>Platonem</span> <span class='ocrx_word' id='word_1_196' title='bbox 613 3565 820 3654; x_wconf 89' lang='lat' dir='ltr'>legumlator</span> <span class='ocrx_word' id='word_1_197' title='bbox 840 3588 876 3632; x_wconf 90' lang='lat' dir='ltr'>se</span> <span class='ocrx_word' id='word_1_198' title='bbox 907 3565 1085 3655; x_wconf 88' lang='lat' dir='ltr'>profitetur</span> <span class='ocrx_word' id='word_1_199' title='bbox 1101 3566 1244 3632; x_wconf 91' lang='lat' dir='ltr'>verioris</span> 
     </span>
     <span class='ocr_line' id='line_1_28' title="bbox 169 3689 1245 3782; baseline -0.003 -24"><span class='ocrx_word' id='word_1_200' title='bbox 169 3703 203 3759; x_wconf 87' lang='lat' dir='ltr'>ot</span> <span class='ocrx_word' id='word_1_201' title='bbox 222 3692 427 3782; x_wconf 88' lang='lat' dir='ltr'>pulchrioris</span> <span class='ocrx_word' id='word_1_202' title='bbox 441 3690 637 3780; x_wconf 87' lang='lat' dir='ltr'>tragaediae</span> <span class='ocrx_word' id='word_1_203' title='bbox 657 3690 918 3779; x_wconf 77' lang='lat' dir='ltr'>cogitationem¹</span> <span class='ocrx_word' id='word_1_204' title='bbox 941 3712 1056 3778; x_wconf 91' lang='lat' dir='ltr'>agere,</span> <span class='ocrx_word' id='word_1_205' title='bbox 1073 3713 1136 3756; x_wconf 92' lang='lat' dir='ltr'>nec</span> <span class='ocrx_word' id='word_1_206' title='bbox 1156 3689 1245 3755; x_wconf 88' lang='lat' dir='ltr'>lerre</span> 
     </span>
     <span class='ocr_line' id='line_1_29' title="bbox 171 3813 1244 3907; baseline -0.004 -23"><span class='ocrx_word' id='word_1_207' title='bbox 171 3840 271 3906; x_wconf 88' lang='lat' dir='ltr'>posse</span> <span class='ocrx_word' id='word_1_208' title='bbox 285 3818 436 3907; x_wconf 87' lang='lat' dir='ltr'>tragicos</span> <span class='ocrx_word' id='word_1_209' title='bbox 452 3826 570 3906; x_wconf 93' lang='lat' dir='ltr'>poetas</span> <span class='ocrx_word' id='word_1_210' title='bbox 590 3815 763 3882; x_wconf 90' lang='lat' dir='ltr'>contraria</span> <span class='ocrx_word' id='word_1_211' title='bbox 779 3815 942 3881; x_wconf 88' lang='lat' dir='ltr'>institutis</span> <span class='ocrx_word' id='word_1_212' title='bbox 959 3813 1124 3880; x_wconf 78' lang='lat' dir='ltr'>dicentes</span> <span class='ocrx_word' id='word_1_213' title='bbox 1142 3815 1244 3902; x_wconf 83' lang='lat' dir='ltr'>Atqui</span> 
     </span>
    </p>
   </div>
   <div class='ocr_carea' id='block_1_3' title="bbox 171 4070 1246 4263">
    <p class='ocr_par' dir='ltr' id='par_1_5' title="bbox 171 4070 1246 4263">
     <span class='ocr_line' id='line_1_30' title="bbox 201 4070 1246 4160; baseline -0.005 -21"><span class='ocrx_word' id='word_1_214' title='bbox 201 4070 253 4139; x_wconf 71' lang='grc' dir='ltr'>1ὦ</span> <span class='ocrx_word' id='word_1_215' title='bbox 277 4079 390 4160; x_wconf 85' lang='grc' dir='ltr'>ἄριστοι</span> <span class='ocrx_word' id='word_1_216' title='bbox 408 4081 466 4140; x_wconf 84' lang='grc' dir='ltr'>τῶν</span> <span class='ocrx_word' id='word_1_217' title='bbox 490 4075 596 4152; x_wconf 83' lang='grc' dir='ltr'><strong>ξένων,</strong></span> <span class='ocrx_word' id='word_1_218' title='bbox 612 4082 701 4154; x_wconf 82' lang='grc' dir='ltr'>ἡμεῖς</span> <span class='ocrx_word' id='word_1_219' title='bbox 726 4078 813 4153; x_wconf 84' lang='grc' dir='ltr'>ἐσμὲν</span> <span class='ocrx_word' id='word_1_220' title='bbox 834 4075 1000 4156; x_wconf 81' lang='grc' dir='ltr'>τραγῳδίας</span> <span class='ocrx_word' id='word_1_221' title='bbox 1026 4073 1107 4136; x_wconf 80' lang='grc' dir='ltr'>αὐτοὶ</span> <span class='ocrx_word' id='word_1_222' title='bbox 1127 4073 1246 4150; x_wconf 79' lang='grc' dir='ltr'>ποιηταὶ</span> 
     </span>
     <span class='ocr_line' id='line_1_31' title="bbox 171 4165 1197 4263; baseline -0.009 -17"><span class='ocrx_word' id='word_1_223' title='bbox 171 4181 245 4246; x_wconf 80' lang='grc' dir='ltr'>κατὰ</span> <span class='ocrx_word' id='word_1_224' title='bbox 261 4187 381 4261; x_wconf 77' lang='grc' dir='ltr'>δύναμιν</span> <span class='ocrx_word' id='word_1_225' title='bbox 398 4184 441 4246; x_wconf 77' lang='grc' dir='ltr'>’ὁτι</span> <span class='ocrx_word' id='word_1_226' title='bbox 460 4186 625 4260; x_wconf 72' lang='grc' dir='ltr'>καλλίστης</span> <span class='ocrx_word' id='word_1_227' title='bbox 641 4179 702 4259; x_wconf 84' lang='grc' dir='ltr'>ἅμα</span> <span class='ocrx_word' id='word_1_228' title='bbox 721 4182 769 4244; x_wconf 72' lang='grc' dir='ltr'>καὶ</span> <span class='ocrx_word' id='word_1_229' title='bbox 785 4179 917 4263; x_wconf 78' lang='grc' dir='ltr'>ἀρίστης.</span> <span class='ocrx_word' id='word_1_230' title='bbox 939 4190 1015 4254; x_wconf 73' lang='lat' dir='ltr'>Lag,</span> <span class='ocrx_word' id='word_1_231' title='bbox 1034 4190 1094 4246; x_wconf 86' lang='lat' dir='ltr'>Vll,</span> <span class='ocrx_word' id='word_1_232' title='bbox 1110 4165 1154 4239; x_wconf 79' lang='grc'>817</span> <span class='ocrx_word' id='word_1_233' title='bbox 1171 4189 1197 4238; x_wconf 90' lang='lat' dir='ltr'>b.</span> 
     </span>
    </p>
   </div>
   <div class='ocr_carea' id='block_1_4' title="bbox 0 0 1418 4814">
    <p class='ocr_par' dir='ltr' id='par_1_6' title="bbox 0 0 1418 4814">
     <span class='ocr_line' id='line_1_32' title="bbox 0 0 1418 4814; baseline 0 0"><span class='ocrx_word' id='word_1_234' title='bbox 0 0 1418 4814; x_wconf 95' lang='lat' dir='ltr'> </span> 
     </span>
    </p>
   </div>
  </div>
 </body>
</html>
