2804 4814
673 288 848 353 „80-

223 452 261 509 ut
275 464 318 509 ex
329 451 401 508 arte
412 440 548 508 vivendi
565 464 685 508 omnes
702 451 836 509 ceterae
852 442 1000 532 pendent
1014 443 1115 532 eique
1128 443 1298 511 inservire

223 567 360 646 debent,
396 566 442 632 ita
474 566 616 656 majoris
640 568 803 634 momenti
827 577 906 635 sunt
934 590 990 634 res
1007 591 1110 634 verae
1137 578 1171 635 et
1200 570 1299 657 quasi

223 692 322 760 vivae
345 714 446 780 quam
472 692 571 758 fictae
587 692 742 768 fabulae;
761 694 905 760 imitatio
923 717 982 783 per
1002 717 1039 760 se
1059 695 1166 782 ipsam
1187 694 1300 761 inanis

223 819 319 885 lusus
340 828 407 899 est3
426 817 599 884 intellectu
627 841 744 885 creare
761 818 792 884 id
812 819 903 908 quod
929 842 989 908 per
1018 842 1054 885 se
1066 820 1172 898 vivat,
1194 819 1228 886 id
1249 829 1300 886 est

223 944 409 1023 civitatem,
428 966 467 1009 ac
496 941 619 1009 melius
644 943 715 1023 fiet,
733 943 907 1033 exemplar
922 944 1077 1010 divinum
1102 945 1222 1033 optimi
1249 945 1298 1010 in-

225 1069 366 1150 tuendo,
389 1069 648 1159 praestantioris
673 1069 805 1159 opificis
834 1079 896 1136 est.
917 1071 1018 1159 Atqui
1049 1070 1152 1136 etiam
1174 1079 1299 1137 natura

223 1217 337 1262 rerum
360 1216 447 1282 quae
464 1216 601 1282 quoque
618 1216 659 1260 ex
674 1194 929 1282 comparatione
953 1194 1097 1261 civitatis
1119 1193 1245 1263 dehinc
1263 1206 1299 1264 ut

224 1320 265 1386 ab
283 1318 460 1386 intellectu
476 1328 609 1386 rectore
624 1316 799 1384 aedificata
814 1341 852 1384 ac
867 1319 1077 1407 gubernata¹
1091 1320 1297 1410 concipitur,

223 1444 417 1511 simulacris
433 1443 484 1509 sui
503 1443 613 1532 potior
627 1453 696 1521 est3
714 1443 837 1532 quibus
858 1443 968 1510 effatis
988 1443 1082 1512 nulla
1110 1445 1298 1513 aesthetica

221 1592 291 1635 non
308 1568 493 1635 assentitur
506 1567 557 1634 vel
572 1568 688 1647 tacito,
706 1578 742 1635 ut
753 1568 935 1657 compertis
950 1579 983 1635 et
996 1569 1199 1659 perspicuis.

267 1696 355 1761 Sane
374 1693 555 1759 mirificum
569 1702 680 1782 potest
690 1693 797 1759 videri
811 1703 949 1759 nostrae
965 1695 1086 1760 aetatis
1097 1694 1297 1762 hominibus

141 1845 144 1850 ·
191 1810 193 1818 ¹
223 1819 287 1908 qui>
314 1828 379 1885 tam
412 1818 524 1897 facile,
555 1827 591 1884 ut
622 1817 685 1884 sibi
709 1817 880 1897 videntur,
903 1817 1044 1885 affectus
1073 1843 1141 1908 quo
1175 1820 1295 1887 imbuti

221 1944 350 2011 fuerint
363 1943 443 2010 dum
456 1952 613 2033 poemata
629 1944 662 2009 in
674 1943 807 2010 theatro
820 1953 1026 2031 spectarent,
1036 1954 1108 2011 tum
1122 1945 1297 2035 deponant

223 2091 330 2157 quum
355 2069 445 2135 seria
464 2068 602 2156 negotia
628 2068 676 2134 eis
700 2067 850 2156 gerenda
873 2068 950 2144 sint,
975 2109 1020 2118 -—
1046 2070 1136 2158 quod
1160 2079 1294 2137 tantum
1328 2079 1338 2095 '

221 2193 336 2259 valere
350 2192 391 2258 ad
405 2192 594 2259 docendum
612 2193 683 2258 sive
698 2192 824 2258 bonum
837 2193 909 2258 sive
927 2193 1051 2280 malum
1066 2216 1167 2260 omne
1184 2218 1294 2283 genus

220 2319 373 2385 musicae
410 2317 506 2383 Plato
539 2326 632 2383 ratus
663 2318 776 2382 fuerit.
805 2317 906 2405 Atqui
930 2327 1039 2384 aetate
1077 2329 1292 2387 nostratum

221 2443 351 2509 musica
386 2451 417 2507 et
447 2452 638 2508 ceterarum
678 2441 801 2508 artium
832 2440 1081 2508 oblectamenta
1109 2466 1177 2511 non
1208 2444 1292 2511 adiri

219 2578 363 2658 possunt
378 2568 419 2634 ab
437 2567 609 2648 omnibuS,
624 2576 696 2633 tum
718 2566 860 2634 forsitan
881 2578 958 2655 post
976 2567 1118 2656 longum
1145 2578 1291 2637 tractum

248 2791 257 2824 ¹
279 2794 506 2880 (γεγεννηκέναι
517 2803 566 2860 τὀν
583 2822 615 2860 τε
632 2797 753 2879 οὐρανὸν
769 2797 838 2859 ’σ’λον
862 2821 911 2860 και
922 2794 1076 2878 πάντα...)
1093 2798 1124 2860 οὒ
1145 2797 1190 2862 διὰ
1210 2811 1290 2876 νοῦν,

219 2905 312 2987 ρασίν,
331 2905 396 2967 οὐδὲ
421 2905 466 2969 διά
480 2930 544 2968 τινα
564 2908 628 2967 θεθν
651 2904 716 2966 οὐδὲ
733 2902 777 2966 διὰ
800 2908 907 2986 τέχνην
924 2901 1004 2966 ἀλλὰ
1024 2905 1038 2966 ’ὸ
1061 2908 1190 2988 λέγομεν
1212 2911 1293 2988 φύσει

217 3015 266 3076 καί
277 3018 352 3098 τύχη
371 3030 377 3042 ·
395 3018 502 3096 τέχνην
519 3015 549 3076 δὲ
567 3013 685 3094 ὕστερον
700 3016 734 3074 ἐκ
748 3017 857 3075 τούτων
875 3016 996 3093 ὑστέραν
1008 3007 1185 3094 γενομένην,
1200 3014 1290 3093 αὐτὴν

218 3123 325 3199 θνητὴν
349 3124 383 3182 ἐκ
399 3123 523 3199 θνητῶν,
549 3120 656 3201 ὕστερα
680 3123 891 3200 γεγεννηκέναι
914 3119 1031 3194 παιδιάς
1046 3143 1126 3194 τινας
1148 3117 1291 3198 ἀληθείας

217 3227 249 3289 οὐ
273 3228 381 3309 σρίδρα
406 3231 587 3309 μετεχούσας
609 3223 689 3288 ἀλλὰ
715 3222 893 3288 ettotam
916 3224 1044 3309 ξυγγενῆ
1066 3231 1191 3303 ἑαυτῶν,
1219 3223 1248 3290 οἷ
1264 3224 1290 3305 ’ἡ

217 3337 343 3417 γραφικὴ
361 3336 450 3418 γεννᾷ
467 3334 515 3395 καί
534 3337 656 3411 μουσικὴ
673 3333 721 3395 καί
737 3332 800 3395 ’σ’σαι
814 3336 933 3407 ταύταις
950 3331 1003 3395 είσί
1016 3336 1159 3416 συνέριθοι
1170 3337 1288 3416 τέχναι·

216 3441 249 3503 αί
266 3443 297 3504 δέ
316 3467 343 3504 τι
362 3441 410 3503 καί
435 3443 591 3503 σπουδαῖον
612 3442 669 3522 ἄρα
694 3445 818 3521 γεννῶσι
836 3445 893 3502 τῶν
917 3445 1044 3522 τεχνῶν,
1072 3436 1148 3502 εἶναι
1166 3444 1288 3516 ταύτας,

217 3549 320 3611 ὁπόσαι
338 3561 373 3632 τῇ
398 3552 478 3629 φύσει
502 3551 658 3610 ἐκοίνωσαν
678 3550 731 3625 την
752 3552 846 3609 αὐτῶν
869 3550 1003 3627 δύναμιν,
1027 3543 1087 3610 οἷον
1103 3544 1139 3610 αὖ
1160 3545 1288 3631 ἰατρικὴ,

216 3679 265 3717 και
280 3659 431 3737 γεωργικὴ
452 3654 500 3716 καί
515 3658 709 3736 γυμναστική.
731 3654 779 3716 καί
800 3656 833 3732 δὴ
851 3654 899 3717 καί
921 3657 972 3732 τὴν
993 3657 1147 3732 πολιτικὴν
1168 3656 1289 3738 σμικρόν

215 3787 243 3823 τι
263 3767 353 3844 μέρος
375 3758 451 3823 εἷναί
470 3786 535 3842 ρασι
555 3771 710 3822 κοινωνοῦν
727 3764 819 3841 φύσει,
836 3765 926 3846 τέχνη
948 3764 978 3822 δὲ
995 3767 1027 3824 τὸ
1049 3764 1125 3823 πολύ
1143 3777 1149 3791 ·
1168 3761 1244 3824 οὕτω
1260 3764 1289 3824 δὲ

216 3869 264 3930 καὶ
278 3872 331 3946 τὴν
351 3871 522 3946 νομοθεσίαν
541 3869 649 3946 πᾶσαν,
672 3867 704 3928 σι’)
725 3871 817 3948 φύσει,
837 3872 927 3952 τέχνη
948 3869 979 3928 δέ
1004 3883 1010 3897 ·
1033 3865 1069 3945 ἧς
1091 3867 1144 3930 οθκ
1165 3865 1289 3947 ἀληθεῖς

217 3971 292 4038 εἶναι
303 3973 356 4049 τὰς
373 3978 478 4049 θέσεις.
499 3985 575 4048 Leg„
592 3987 637 4032 889
652 3997 674 4033 c.

247 4082 327 4166 νθμῳ
356 4081 434 4164 αὐτῷ
460 4083 603 4160 βοηθῆσαι
632 4080 680 4142 καί
705 4084 811 4165 τέχνη,
840 4083 881 4154 ὡς
905 4083 986 4143 ἐστὸν
1014 4083 1107 4162 φύσει,
1131 4085 1150 4160 ἢ
1177 4085 1289 4164 φύσεως

216 4189 271 4271 οὐχ
282 4194 383 4268 ἧττον,
396 4192 479 4270 είπερ
491 4198 540 4249 νοῦ
557 4192 592 4270 γέ
606 4191 666 4249 ἐστι
681 4193 862 4268 γεννήματα.
883 4196 956 4260 ιαμ,
973 4200 1018 4246 890
1033 4196 1059 4246 d.
