2804 4814
610 260 787 326 „32-

160 439 238 483 cum
264 416 492 507 quo,puriore
512 425 608 505 parte
628 415 734 482 nostri
760 417 791 481 ei
818 415 1014 484 consimiles
1030 425 1063 483 et
1083 418 1235 505 cognati,

162 542 289 608 aeterni
316 541 430 621 limus,
452 564 530 607 cum
551 564 618 630 quo
640 563 775 629 semper
796 540 942 608 existere
959 541 1151 631 cupimus1.
1168 544 1238 609 Cur

162 689 245 755 ergo
274 666 454 755 pulchrum
486 668 683 732 nominatur
709 665 837 731 honum
866 676 924 732 aut
951 665 984 732 id
1004 666 1094 755 quod
1116 668 1239 733 revera

161 791 304 858 existit?
323 792 410 872 Quia
430 791 485 856 via
506 789 547 856 ad
568 812 687 857 verum
710 798 742 855 et
762 790 929 878 optimum
951 813 1047 857 amor
1067 799 1133 870 est,
1159 792 1239 879 quia

162 915 202 982 ad
233 938 273 981 ea
300 914 385 981 duce
413 916 486 1005 ipso
524 915 666 1005 pulchro
699 915 873 981 enitimur.
908 916 1049 981 Necnon
1083 916 1238 1005 profecto

161 1064 303 1108 necesse
320 1051 371 1108 est
392 1064 529 1131 quoque
554 1051 591 1108 ut
616 1040 747 1130 pulchri
774 1050 896 1108 natura
916 1063 958 1107 ex
978 1043 1067 1108 hono
1095 1051 1128 1107 et
1156 1064 1239 1108 vero
1274 1044 1278 1049 ’

161 1176 307 1246 constet,
320 1176 352 1232 et
371 1167 403 1232 in
420 1189 461 1232 ea
474 1175 594 1256 sponte
610 1188 671 1233 sua
686 1189 722 1231 se
737 1175 848 1232 vertat
857 1187 867 1252 3
882 1165 980 1232 aliter
995 1166 1087 1231 enim
1103 1167 1238 1256 pulchri

162 1301 285 1358 natura
315 1292 349 1356 in
375 1301 533 1357 naturam
561 1290 746 1380 voluptatis
779 1290 959 1356 dirimatur
982 1300 1014 1356 et
1042 1291 1240 1358 resolvatur

161 1415 280 1484 eodem
304 1416 403 1483 modo
425 1415 605 1498 achonum
628 1416 661 1481 in
677 1415 909 1482 commodum.

206 1542 410 1630 Dumigitnr
430 1541 680 1631 philosophiam
699 1541 909 1607 moralemet
928 1541 1108 1607 scientiam
1120 1565 1239 1610 rerum

163 1691 242 1734 vere
262 1666 481 1733 existentium
503 1666 630 1745 condit,
641 1666 736 1733 Plato
753 1665 862 1733 obiter
879 1666 1101 1733 aestheticam
1119 1691 1240 1756 quam-

161 1792 239 1859 dam
256 1792 403 1861 instituit
421 1792 456 1858 in
477 1814 543 1880 qua
558 1791 738 1880 pulchrum
762 1791 851 1857 hono
867 1802 900 1857 et
920 1814 1001 1860 vero
1021 1794 1241 1861 innititur.Et

162 1919 300 1999 merito;
324 1916 541 2008 pulchritudo
566 1917 656 1982 enim
678 1916 869 1983 humanum
896 1917 1024 2006 aliquid
1049 1918 1115 1996 es't,
1133 1919 1239 1987 homo

162 2052 275 2110 autem
296 2042 464 2133 imprimis
481 2041 673 2108 intellectus
698 2051 762 2120 ost,
781 2040 924 2107 idoneus
940 2041 981 2108 ad
998 2041 1240 2111 disserendum

160 2167 202 2234 de
226 2170 320 2257 justo
338 2176 396 2234 aut
411 2165 452 2231 de
468 2188 588 2231 revera
608 2166 787 2231 existente.
806 2165 947 2232 Ceterae
969 2189 1038 2246 rea,
1060 2167 1238 2249 animalia,

162 2291 302 2359 arbores
326 2290 416 2358 haud
443 2291 557 2378 magni
579 2290 735 2357 facienda
754 2299 846 2357 sunt.
872 2292 915 2357 Ut
933 2300 1093 2359 naturam
1118 2315 1239 2382 corpo-

160 2440 254 2484 ream
273 2415 526 2495 universam‚id
543 2426 593 2481 est
608 2427 640 2484 τὸ
657 2422 815 2503 parteseae
826 2423 958 2483 tantum
973 2440 1035 2506 pro
1052 2417 1238 2486 simulacro

159 2568 240 2613 vere
261 2544 438 2611 existentis
459 2554 491 2610 et
513 2543 609 2632 quasi
634 2542 768 2609 somnio
784 2541 877 2608 ducit
892 2543 1003 2623 Plato,
1020 2553 1057 2610 ut
1077 2554 1236 2612 naturam

161 2670 254 2736 illam
285 2693 387 2758 quam
411 2668 477 2756 legi
509 2676 541 2732 ot
563 2667 650 2732 arti2
677 2675 710 2732 et
735 2666 863 2754 ingenii
888 2667 1037 2735 inventis
1060 2678 1238 2759 opponunt

160 2779 333 2884 sophistae
356 2814 544 2880 eorumque
561 2790 736 2893 discipuli,
764 2790 905 2870 refellit,
934 2791 1038 2858 itaet
1065 2793 1236 2860 consimili

159 2919 292 2987 ratione
317 2941 372 2984 res
387 2926 530 2983 naturae
550 2925 582 2981 et
600 2920 667 3003 Ζῷα
685 2915 778 3005 parvi
800 2915 971 2995 aestimat,
986 2915 1175 3006 subjiciens
1198 2941 1236 2984 ea

160 3044 331 3110 humanae
348 3050 489 3107 naturae
505 3039 624 3106 eodem
642 3040 742 3107 modo
758 3063 796 3106 ac
812 3041 845 3105 in
861 3039 1013 3107 humana
1024 3051 1148 3108 natura
1163 3065 1235 3109 cor-

159 3191 223 3257 pus
240 3168 355 3234 animo
376 3165 524 3256 subjicit.
544 3163 625 3230 lnde
644 3163 680 3230 lit
699 3174 733 3230 ut
751 3164 928 3231 dialectica
943 3165 1016 3231 sive
1035 3188 1234 3234 sermonum

159 3296 200 3362 de
214 3299 308 3386 justo
324 3304 356 3360 et
368 3294 495 3383 injusto
513 3293 679 3359 scientia3
695 3293 842 3382 primum
854 3292 999 3382 gradum
1014 3293 1234 3364 scientiarum

159 3430 312 3512 occupet.
332 3418 532 3486 lnleriorem
555 3419 668 3485 locum
689 3417 865 3485 obtineant
885 3419 949 3486 hae
966 3419 1130 3487 scientiae
1149 3442 1234 3509 quae

160 3546 200 3614 de
220 3557 344 3614 natura
364 3568 478 3611 rerum
507 3554 625 3633 utputa
649 3543 690 3610 de
713 3543 885 3611 coloribus
907 3554 942 3611 et
961 3544 1056 3612 sonis
1075 3554 1231 3613 tractent.

160 3676 202 3741 Et
230 3682 320 3740 certe
341 3695 409 3738 non
436 3681 564 3760 poterat
592 3671 753 3736 illustrari
780 3671 812 3735 in
838 3670 974 3759 qualem
995 3671 1135 3739 modum
1155 3671 1233 3761 pul-

190 3992 199 4025 ¹
218 3992 341 4053 Conviv.‚
360 3995 405 4040 205
420 4005 444 4040 a.

190 4091 200 4124 ²
218 4091 295 4153 Leg.,
309 4094 354 4138 889
367 4104 390 4152 c,
403 4093 448 4138 890
459 4088 485 4137 d.

191 4190 202 4224 ³
220 4190 302 4253 Gorg.
315 4216 346 4224 -
359 4188 510 4249 Phaedrus,
528 4192 571 4236 272
586 4188 611 4236 d.
