2804 4814
609 286 786 351 ..43-

160 437 243 503 illud
279 446 393 505 autem
425 438 744 507 labefactationibus
778 464 796 507 a
829 440 931 507 rebus
962 440 1112 506 externis
1145 440 1235 506 natis

159 562 361 642 obnoxium,
386 563 455 630 imo
475 574 584 631 totum
606 565 639 630 in
662 565 830 654 profluvio
852 566 908 632 illo
930 588 997 654 quo
1015 564 1180 644 vicissim,
1199 574 1235 632 ut

159 688 288 755 flumen
310 688 461 755 alimenti
486 699 599 779 partes
621 693 695 780 ejus
709 691 796 779 riget
818 700 850 757 et
870 690 1064 769 restituat1,
1084 689 1235 778 repletur

160 823 193 879 et
205 813 406 903 expellendo
424 838 510 903 quae
526 815 606 882 trito
626 825 659 881 et
674 825 812 904 perusta
832 816 900 882 sint
915 824 1095 904 purgatur,
1113 814 1235 880 crescit

161 949 194 1006 et
209 939 309 1028 perit,
332 949 433 1028 atque
447 939 481 1006 in
498 941 636 1029 speculo
650 941 746 1029 quasi
763 941 867 1007 refert
882 950 1061 1029 perpetuas
1078 939 1234 1006 mutatio-

162 1089 223 1135 nes
240 1066 315 1132 illas
331 1074 364 1133 et
379 1067 472 1133 vices
488 1067 620 1134 oriendi
637 1078 670 1134 et
689 1068 854 1157 pereundi
870 1068 993 1157 quibus
1013 1067 1190 1134 terrestria
1203 1077 1236 1134 ct

161 1197 308 1279 γενὲμενα
319 1192 549 1261 continentur.
563 1193 605 1260 Et
618 1202 730 1259 motus
742 1193 895 1282 corporis
907 1192 1061 1259 ordinem
1074 1203 1107 1258 et
1117 1214 1236 1258 nume-

162 1338 240 1382 rum
263 1339 331 1382 non
353 1326 497 1405 possunt
519 1319 655 1407 assequi
673 1318 737 1384 nisi
764 1319 899 1385 animus
921 1318 954 1383 in
977 1327 1119 1406 corpore
1142 1327 1236 1383 satus

165 1451 296 1508 motum
318 1441 413 1507 illum
439 1465 641 1531 recuperare
671 1443 785 1508 scierit
812 1466 878 1531 quo
903 1452 1060 1509 naturam
1086 1441 1237 1508 divinam

163 1567 220 1633 ille
237 1568 428 1656 participat.
448 1569 586 1635 Necnon
604 1569 895 1658 corpusproclive
907 1579 958 1635 est
974 1567 1012 1634 ad
1027 1568 1237 1657 subsequen·

92 1677 97 1686 ⁸
163 1691 245 1759 dum
258 1715 276 1757 e
288 1692 477 1781 longinquo
494 1693 598 1758 animi
616 1695 668 1760 vel
682 1695 833 1761 universi
853 1703 997 1774 motum,
1018 1716 1123 1782 quum
1141 1704 1237 1760 natu-

163 1817 246 1883 ralis
262 1826 375 1883 motus
397 1821 472 1907 ejus
489 1841 556 1906 quo
576 1828 755 1907 reparatur
772 1828 805 1884 et
826 1817 978 1907 deperdit
1000 1818 1182 1907 (imprimis
1204 1819 1237 1884 in

164 1944 300 2029 integro
319 1951 352 2007 et
373 1964 456 2007 sano
471 1943 624 2029 animali)
640 1943 736 2031 quasi
753 1943 919 2009 circulum
943 1943 1069 2009 officiat
1088 1943 1237 2031 aequali·
1335 2025 1338 2034 Ι

163 2077 233 2134 tate
250 2066 351 2132 ablati
372 2066 610 2133 stafiluentis.
627 2069 735 2136 —Ex
748 2090 788 2134 eo
810 2067 908 2134 facile
929 2067 1060 2156 concipi
1076 2077 1187 2156 potest
1202 2069 1237 2133 in

165 2217 268 2283 quem
288 2193 439 2273 modum,
456 2194 545 2260 inter
560 2194 644 2260 alias
660 2193 802 2283 figuras,
820 2194 973 2283 corporis
995 2194 1105 2282 figura
1122 2205 1238 2283 quate-

166 2344 231 2386 nus
241 2319 383 2409 pulcbra
399 2329 462 2398 est,
473 2319 593 2425 figuris
609 2329 642 2386 et
655 2320 802 2386 motibus
813 2319 1032 2408 geometricis
1044 2319 1098 2398 vel
1109 2321 1237 2386 caeles-

164 2444 255 2511 tibus
276 2453 458 2532 competat.
474 2444 632 2512 Ceterum
650 2467 692 2510 ex
707 2467 746 2510 eo
767 2444 958 2511 formosum
978 2467 1102 2532 corpus
1120 2444 1238 2509 buma-

166 2592 248 2635 num
264 2577 321 2661 ,est
335 2567 425 2657 quod
446 2568 597 2634 animum
616 2569 776 2657 exprimit
795 2569 895 2657 eique
915 2577 1030 2657 aptum
1053 2577 1117 2647 est,
1132 2591 1236 2656 quum

166 2703 267 2782 caput
284 2694 330 2758 ita
355 2702 552 2759 contextum
579 2702 611 2759 et
631 2693 834 2759 collocatum
856 2694 900 2759 sit
920 2703 955 2760 ut
969 2693 1079 2781 primo
1100 2702 1237 2781 aspectu

169 2820 265 2910 quasi
277 2819 477 2908 profiteatur
491 2819 525 2884 in
539 2842 575 2884 se
591 2818 744 2885 habitare
762 2821 926 2908 optimam
946 2819 1050 2884 animi
1070 2827 1199 2908 partem
1212 2818 1237 2897 2,

197 3151 355 3209 ¹Ti.,79d.

195 3233 278 3312 'nbc
300 3244 351 3315 μὲν
372 3241 406 3316 δὴ
424 3242 504 3312 θείας
523 3238 678 3320 περιόδους
699 3241 748 3300 δύο
774 3242 861 3313 οὔσας
877 3245 909 3301 τὸ
932 3250 983 3301 τοῦ
1007 3245 1116 3314 παντὸς
1140 3253 1239 3321 σχῆμα

164 3342 423 3424 ἀπομιμησάμενοι
455 3349 612 3427 περιφερές
646 3347 676 3407 άν
704 3343 746 3420 εἰς
775 3349 953 3428 σφαιροειδὲς
982 3351 1065 3424 σῶμα
1085 3349 1236 3425 ἑνέδησαν.

164 3464 296 3526 rana

207 3557 240 3614 τ“ο
263 3554 293 3613 δὲ
312 3551 380 3633 περὶ
398 3561 449 3613 τοῦ
465 3550 645 3632 κυριωτάτου
665 3547 810 3632 παρ’ἡμῖν
832 3558 930 3632 ψυχῆς
951 3553 1046 3625 εἴδους
1065 3553 1240 3614 διανοεῖσθαι

165 3663 209 3722 δεῖ
222 3661 306 3742 τῇδε,
323 3660 364 3732 ὡς
380 3660 437 3740 ἄρα
457 3658 527 3720 αὐτὸ
543 3660 666 3736 δαίμονα
688 3661 753 3732 θεὶς
777 3658 890 3740 ἑκάστῳ
913 3661 1022 3720 δέδωκε
1046 3669 1144 3740 τοῦτο,
1166 3659 1180 3720 ’ὸ
1204 3661 1238 3736 δή

166 3791 258 3848 ραμεν
281 3764 370 3828 οἰκεῖν
402 3771 453 3844 μὲν
478 3771 561 3843 ἡμῶν
594 3763 726 3848 ἐπ’άκρῳ
752 3771 793 3847 τῷ
823 3762 947 3844 σώματι,
976 3771 1051 3847 προς
1077 3768 1184 3843 δὲτὴν
1209 3770 1239 3827 ἐν

167 3874 280 3955 οὐρανῷ
309 3871 480 3954 ξυγγένειαν
510 3870 567 3933 άπὸ
593 3885 650 3953 γῆς
675 3874 755 3951 ἡμᾶς
774 3877 866 3953 αἴρειν
896 3873 936 3945 ὡς
961 3871 1048 3945 ’ὄντας
1076 3877 1161 3952 ρυτον
1188 3871 1241 3934 οὐκ

134 4034 137 4042 ,
168 3985 297 4062 ἔγγειον,
319 3976 399 4040 ἀλλὰ
420 3977 553 4060 οὐράνιον
574 3979 717 4060 ὀρθότατα
739 3981 898 4060 λέγοντες·
922 3981 1035 4040 ἐκεῖθεν
1056 3976 1113 4060 γάρ
1137 3978 1201 4040 ὅθεν
1222 3987 1261 4057 ἡγ

166 4084 268 4168 πρώτη
290 4099 344 4164 τῆς
365 4093 463 4168 ψυχῆς
484 4089 598 4166 γένεσις
619 4090 691 4166 ἐ’ρυ,
717 4091 749 4148 τ“ο
766 4089 843 4147 θεῖον
866 4088 918 4162 τὴν
939 4088 1070 4166 κεφαλὴν
1091 4086 1139 4147 καὶ
1161 4088 1240 4168 ῥίζαν

166 4200 249 4274 ἡμῶν
271 4192 493 4276 άνακρεμαννὺν
514 4195 596 4276 ὀρθοῖ
612 4195 668 4258 πᾶν
689 4199 722 4255 το
739 4198 834 4271 σῶμα.
855 4205 905 4267 Tb,
919 4207 950 4252 90
968 4218 992 4256 a.
