2804 4814
613 266 790 333 ,86-

162 418 221 485 illa
250 418 397 490 civitatis
429 429 461 487 et
490 443 638 502 morum,
671 444 740 489 non
770 445 829 512 per
861 445 897 488 se
924 421 1038 489 valere
1068 424 1238 506 concedit,

161 543 220 611 sed
235 552 369 612 tantum
384 554 552 634 quatenus
564 569 583 613 e
594 547 738 614 consilio
751 546 898 637 quodam
915 568 1085 613 summam
1104 548 1239 616 institu-

160 679 275 736 torum
289 669 537 760 complectente
550 671 722 739 ducuntur
735 695 774 738 ac
785 671 933 762 pendent
941 695 950 752 ;
964 680 997 738 et
1008 695 1091 740 sane
1106 684 1242 741 mutan-

160 793 223 861 dae
245 803 345 861 erunt
376 793 432 861 ubi
459 797 531 885 Jam
560 818 629 863 non
650 819 727 863 cum
760 797 824 863 hoc
849 795 992 863 consilio
1018 800 1239 866 convenient.

159 919 326 1008 Ἀγράφοις
346 918 481 1008 legibus
509 920 652 1010 scriptas
672 921 766 1010 leges
796 930 829 988 et
848 930 954 986 totam
979 920 1154 988 civitatem
1176 924 1238 991 niti

161 1044 246 1131 vult,
264 1043 310 1110 ita
331 1053 368 1110 ut
391 1045 466 1134 ejus
483 1044 603 1113 civitas
624 1054 758 1135 praeter
779 1043 869 1133 quod
887 1043 1036 1111 illustrat
1051 1055 1084 1111 et
1103 1069 1240 1135 reprae-

161 1177 273 1259 sentat
298 1167 465 1257 quaedam
495 1168 644 1236 maxime
673 1168 859 1257 conspicua
888 1168 1045 1257 politicae
1075 1169 1240 1237 scientiae

161 1293 329 1372 instituta,
351 1315 429 1359 cum
450 1292 543 1359 omni
562 1303 672 1360 aetate
692 1293 887 1371 conveniat,
910 1301 1087 1359 aeternum
1111 1293 1241 1384 aliquid

162 1417 248 1485 etin
270 1440 407 1485 omnem
427 1427 572 1485 tractum
599 1418 726 1508 peracti
754 1427 786 1484 et
811 1417 915 1484 futuri
938 1419 1102 1507 temporis
1119 1441 1239 1486 verum

161 1542 313 1609 retinens
346 1542 475 1610 scilicet
504 1565 628 1633 purum
658 1542 832 1630 exemplar
865 1551 979 1609 rectae
1016 1542 1240 1633 reipublicae,

162 1690 268 1757 quum
288 1690 329 1733 ea
344 1667 432 1734 inter
447 1668 609 1734 virtutem
625 1678 658 1734 et
674 1665 917 1755 perfectionem
932 1667 1143 1757 privatorum
1160 1692 1238 1736 cum

162 1793 322 1860 felicitate
338 1795 572 1883 conjunctam,
590 1816 657 1883 quo
672 1793 846 1884 proposito
861 1815 930 1859 non
947 1792 1084 1882 dignius
1101 1794 1239 1862 civitate

162 1928 273 1986 exstat
293 1928 326 1984 et
346 1918 419 1985 sine
445 1917 568 2007 quibus
590 1917 685 1984 nulla
707 1917 786 1984 urbs
809 1927 899 1983 stare
916 1919 1036 2007 possit,
1051 1957 1095 1966 —
1112 1929 1145 1984 et
1166 1921 1243 1986 uni-

161 2070 280 2116 versae
302 2046 448 2113 civitatis
465 2046 627 2114 virtutem
643 2046 774 2112 alienae
789 2045 830 2111 ab
846 2046 985 2134 injuria,
1003 2045 1091 2135 apud
1106 2056 1239 2114 ceteras

162 2172 196 2237 in
226 2171 370 2250 honore,
402 2194 513 2260 neque
548 2170 752 2238 detrimento
782 2171 927 2237 aliarum
964 2171 1238 2251 intumescentia,

162 2298 338 2366 consistat.

206 2552 238 2622 9.
266 2591 308 2599 -
338 2549 422 2615 Cum
447 2559 570 2615 natura
598 2548 745 2614 civitatis
776 2571 863 2636 quae
893 2572 955 2614 nec
984 2559 1147 2637 augescat
1176 2573 1240 2617 nec

162 2675 349 2754 decrescat,
371 2673 514 2763 simplex
544 2683 577 2739 et
604 2697 672 2739 uua
692 2696 840 2761 semper,
869 2696 978 2761 eoque
1007 2673 1081 2762 ipso
1106 2663 1240 2742 stabilis

161 2801 232 2880 liat,
254 2822 410 2866 connexa
433 2809 484 2865 est
508 2799 595 2865 ratio
616 2798 672 2864 ilia
703 2797 853 2863 musicae
881 2797 1021 2864 immota
1047 2807 1080 2864 et
1104 2821 1240 2890 semper

162 2924 279 2992 eadem
299 2949 306 2990 ε
329 2926 474 2990 Immota
494 2922 652 2989 videlicet
668 2932 700 2988 et
716 2945 851 3011 semper
867 2921 985 2988 eadem
1003 2932 1054 2988 est
1069 2933 1240 3010 quatenus

164 3049 295 3116 musica
318 3048 428 3114 ethica
450 3047 617 3136 quaedam
643 3056 744 3113 estet
770 3057 860 3112 recta
886 3046 971 3112 ratio
989 3049 1063 3136 ejus
1084 3049 1240 3135 (ὀρθότης)

164 3198 232 3242 non
248 3198 266 3241 e
282 3172 455 3263 voluptate
477 3172 624 3239 ducitur.
648 3173 769 3239 Nonne
785 3171 876 3236 enim
892 3170 1041 3236 vidimus
1060 3170 1240 3238 Platonem

163 3298 301 3388 puriore
317 3307 448 3364 tantum
475 3296 539 3363 hac
564 3305 658 3386 parte
684 3296 806 3362 artium
829 3295 883 3361 vel
905 3295 1124 3360 scientiarum
1152 3318 1240 3383 quae

165 3447 242 3492 cum
259 3422 402 3490 scientia
422 3444 538 3488 rerum
551 3432 767 3488 aeternarum
790 3431 934 3507 cognata
955 3421 998 3486 sit
1013 3420 1087 3504 niti,
1105 3419 1187 3486 dum
1204 3444 1241 3491 se

165 3549 258 3615 tollat
286 3548 324 3614 ad
351 3547 673 3636 contemplationem
695 3549 769 3636 ejus
798 3544 887 3633 quod
908 3568 1027 3612 revera
1057 3545 1182 3612 existat
1208 3556 1241 3614 et

165 3674 330 3762 optimum
356 3673 421 3739 sit?
440 3671 526 3740 Vide
554 3681 590 3737 ut
615 3673 648 3737 in
673 3670 883 3736 astronomia
904 3671 1054 3736 musicae
1074 3693 1242 3757 germana

163 3804 199 3868 τὰ
219 3811 248 3867 ἐν
268 3812 309 3886 τῷ
330 3805 444 3887 οὐρανῷ
460 3808 660 3881 ποικίλματα1
684 3798 776 3885 parvi
805 3797 918 3874 faciat,
947 3796 1065 3883 liguris
1088 3819 1128 3862 ea
1156 3797 1241 3861 assi-

165 3925 305 3994 mulans,
317 3922 440 4013 quibus
455 3922 577 4011 aliquis
592 3922 800 4010 geometriae
815 3923 942 4011 peritus
960 3922 1064 3987 veluti
1082 3921 1240 4010 exemplo

195 4181 203 4214 ¹
221 4180 312 4244 Resp.‚
324 4179 381 4242 VII,
393 4182 439 4228 529
452 4179 478 4228 d.
