2804 4814
610 276 785 338 „50-

160 427 261 493 etiam
284 427 348 493 boc
361 426 450 515 quod
468 427 501 492 in
519 426 571 493 his
591 427 786 496 foederibus
803 439 982 497 aeternum
996 453 1065 496 non
1085 431 1129 496 sit
1146 440 1180 496 et
1199 429 1239 497 ad

162 554 364 644 partitiones
390 552 492 619 istas¹
514 553 579 620 diei
606 563 639 620 et
665 555 789 635 noctis,
813 555 999 635 mensium,
1026 566 1239 645 temporum,

162 701 331 747 annorum
357 678 486 744 circum
521 701 608 768 quae
628 680 698 746 vita
725 680 877 747 humana
893 691 1065 747 versatur.
1082 681 1239 749 attineat.

162 804 218 872 Sic
248 803 351 870 etiam
378 803 411 867 in
441 804 585 883 musica,
606 803 785 894 disciplina
810 804 869 871 illa
892 805 1126 872 astronomiae
1157 829 1241 894 ger-

161 950 277 1007 mana,
298 926 383 993 nihil
408 926 587 1015 pulchrum
618 937 669 994 est
697 928 785 1017 quod
816 951 885 995 non
906 929 1085 997 foederum
1115 930 1241 1018 quibus

161 1051 292 1119 musica
311 1050 490 1130 fundatur,
514 1060 549 1119 ut
565 1050 813 1140 pulchriorum,
830 1052 1074 1140 cogitationem
1091 1052 1238 1143 injiciat.

161 1175 198 1241 ld
218 1175 351 1241 Platoni
368 1197 470 1243 curae
491 1184 543 1242 est
561 1174 698 1256 docere,
719 1186 878 1243 naturam
900 1176 1035 1266 pulchri
1056 1176 1112 1243 vel
1133 1177 1241 1244 felici-

162 1300 242 1366 tatis
273 1299 361 1366 haud
390 1300 503 1366 minus
542 1322 580 1366 ac
611 1300 774 1366 scientiae
797 1301 852 1367 vel
873 1301 1027 1368 veritatis
1061 1312 1239 1382 naturam,

162 1424 264 1491 rebus
291 1423 354 1490 sub
381 1446 484 1490 seusu
514 1423 713 1491 cadentibus
744 1425 889 1491 alienam
918 1448 1007 1506 esse,
1029 1435 1088 1492 aut
1119 1427 1242 1493 saltem

162 1548 342 1638 pulchrum
363 1547 464 1614 rebus
494 1572 581 1636 quae
602 1548 759 1616 sensibus
783 1551 1018 1639 percipiuntur
1037 1573 1108 1617 non
1126 1551 1243 1619 inesse

162 1675 226 1739 nisi
249 1674 298 1739 eis
314 1674 396 1763 ipsis
414 1674 493 1741 insit
508 1674 635 1763 aliquid
651 1675 741 1763 quod
760 1677 896 1765 assequi
912 1699 1079 1764 cogamur
1093 1677 1243 1745 ulterius

162 1799 376 1889 procedendo
394 1808 427 1864 et
447 1798 572 1866 idcirco
592 1800 840 1889 praetereundo
857 1824 934 1882 eas3
950 1824 1013 1868 nec
1035 1802 1138 1868 etiam
1168 1803 1243 1892 pul·
1308 1820 1314 1836 ·

165 1925 370 1991 cherrimam
385 1946 500 1990 rerum
513 1947 589 1991 esse
600 1928 802 2011 παιίλματα2
819 1925 876 1991 illa
897 1927 1031 2015 quaein
1047 1927 1144 1994 caelo
1162 1938 1245 1994 sunt

166 2062 196 2117 et
213 2051 287 2116 visu
309 2049 340 2115 id
367 2059 418 2115 est
442 2072 545 2116 sensu
567 2048 712 2138 quodam
737 2051 1022 2140 contemplativ0³
1037 2061 1070 2117 et
1099 2075 1187 2141 puro
1211 2063 1245 2119 et

165 2175 364 2264 cogitationi
391 2175 564 2241 simillimo
590 2175 835 2264 percipiantur,
858 2198 961 2264 quum
979 2176 1075 2243 visus
1101 2199 1243 2267 quoque

165 2299 292 2389 aliquid
322 2299 476 2389 corporei
503 2299 639 2379 habeat,
655 2339 698 2348 —
719 2309 752 2365 et
777 2299 867 2388 quod
887 2298 1021 2366 visibile
1049 2301 1092 2366 sit
1122 2311 1156 2368 et
1178 2307 1244 2370 suh

165 2449 267 2492 sensu
288 2425 386 2492 cadat
406 2425 490 2490 nihil
511 2424 601 2490 aliud
622 2448 697 2492 esse
718 2448 818 2514 quam
847 2435 1075 2515 opportunum
1109 2427 1243 2516 aliquid

168 2563 201 2618 et
228 2552 324 2640 quasi
350 2532 538 2639 ighiculum
568 2573 610 2616 ex
641 2573 707 2639 quo
730 2550 877 2639 primum
903 2550 1065 2638 cogitatio
1085 2554 1242 2643 (διάνοια),

166 2677 244 2743 inde
271 2677 464 2743 intellectus
490 2679 616 2763 (νόησις)
649 2675 895 2764 expergefiant‚
917 2716 958 2724 —
989 2674 1031 2742 ad
1066 2699 1241 2745 summam

165 2806 325 2868 Amorem
343 2824 443 2890 quem
465 2801 498 2866 in
523 2799 688 2866 Convivio
709 2799 807 2887 fingit
826 2800 1067 2890 philosophum
1089 2823 1166 2868 esse
1187 2803 1244 2869 vel

165 2926 399 3005 dialecticum,
421 2947 489 2991 non
510 2947 610 3014 posse
628 2925 811 3013 quominus
829 2924 870 2990 ab
891 2925 931 2990 iis
951 2924 1054 2991 rebus
1068 2949 1157 3014 quae
1178 2927 1244 2992 sub

166 3074 269 3118 scnsu
287 3050 409 3117 cadant
429 3049 470 3116 ad
488 3053 577 3134 νοητὰ
595 3059 627 3115 et
642 3067 746 3135 νοητοῦ
761 3050 884 3115 lineml
899 3049 929 3115 id
950 3049 1056 3115 estad
1072 3051 1240 3140 optimum

166 3187 203 3242 ut
218 3176 486 3265 pulcherrimum
508 3198 567 3264 per
583 3175 710 3263 gradus
731 3175 980 3264 progrediatur.

211 3303 260 3369 Ne
277 3301 466 3368 consistere
487 3299 585 3367 nobis
599 3301 733 3388 placeat
758 3301 791 3365 in
817 3300 959 3389 pulchro
981 3299 1128 3389 quodam
1151 3300 1241 3390 quod

197 3573 206 3606 ¹
225 3574 317 3638 Resp.,
332 3578 377 3622 530
389 3587 413 3622 a.

196 3671 207 3706 2
224 3673 317 3736 Resp,
333 3675 378 3720 529
391 3671 415 3720 d.

196 3753 256 3821 ³'0'r
284 3756 312 3840 (ἑ
339 3759 429 3836 νὸμρς
458 3757 489 3819 ’ὸν
518 3762 551 3818 τὶ
582 3759 768 3838 διαλέγεσθαι
792 3752 936 3840 περαίνει)
963 3757 1011 3819 καὶ
1039 3759 1107 3819 irco
1136 3764 1240 3837 νοητὸν

168 3862 319 3943 μιμοῖτ’ἂν
342 3873 359 3943 ἡ
383 3878 437 3944 τῆς
459 3865 554 3944 ὅψεως
574 3866 708 3942 δύναμις,
726 3865 760 3942 ἢν
780 3868 925 3946 ἐλέγομεν
945 3869 1020 3946 πρὸς
1040 3860 1113 3926 αὐτὰ
1129 3866 1185 3943 ἤδη
1205 3862 1241 3929 τὰ

167 3977 226 4055 ζῷα
243 3976 403 4055 ἐπιχειρεῖν
419 3969 600 4047 ἀποβλέπειν
617 3971 753 4054 καὶπρὸς
769 3969 842 4034 αὐτὰ
855 3974 947 4052 α’ίστρα
959 3996 991 4033 τε
1008 3971 1056 4033 καὶ
1068 3974 1240 4035 τελευταῖον

167 4082 201 4158 δὴ
222 4085 297 4163 πρὸς
314 4079 400 4142 αὐτὸν
415 4081 464 4142 τὸν
479 4081 577 4156 ἥλιον.
599 4089 691 4152 Βθερ.,
705 4092 750 4137 532
764 4103 788 4139 a.
868 4101 878 4128 ι

197 4189 207 4223 ⁴
224 4191 317 4253 Resp.‚
329 4192 373 4238 532
385 4187 411 4238 b.
809 4166 812 4169 ⁵
