2804 4814
615 288 791 354 ..35-

164 441 273 523 redit3
289 451 322 509 et
338 441 433 509 color
443 441 628 532 lumenque
643 442 802 512 videlicet
818 443 859 509 ad
876 444 1052 511 scientiam
1068 444 1236 534 aliquam¹

166 567 292 635 coloris
312 568 419 658 ipsius
435 592 494 657 per
512 592 547 635 se
564 569 756 648 existentis,
768 577 887 659 utputa
903 568 969 635 albi
990 592 1049 658 per
1065 592 1114 653 se,
1128 570 1239 637 subla-

165 692 208 758 tis
229 691 331 758 rebus
352 692 497 781 singulis
518 693 552 759 in
567 715 652 782 quas
672 692 766 760 color
781 691 993 759 diffunditur.
1012 694 1081 760 Nec
1098 693 1237 774 mirum,

166 837 271 904 quum
292 838 455 883 sonorum
482 817 624 883 scientia
652 817 708 896 sit,
738 838 840 905 quam
871 815 1008 905 quidem
1043 816 1139 885 Plato
1165 821 1238 908 jam

164 943 365 1030 conjectura
401 940 511 1028 magis
556 941 723 1008 contineri
759 963 862 1030 quam
901 941 1141 1008 mathematica
1175 965 1239 1010 nec

167 1085 287 1152 puram
304 1063 386 1130 satis
406 1087 481 1131 esse
498 1065 648 1131 asserit?
681 1066 731 1131 En
753 1065 859 1153 igitur
876 1069 1011 1150 αἰσθητὸν
1042 1065 1083 1131 ad
1110 1064 1238 1154 aliquid

166 1187 441 1277 quoddammodo
477 1200 579 1273 νοητὸν
615 1188 726 1255 redit:
759 1189 870 1278 figura
906 1187 947 1255 ad
973 1201 1076 1274 νοητὸν
1111 1189 1239 1279 aliquid

167 1311 355 1403 secundum
377 1322 436 1379 aut
456 1312 594 1379 tertium
611 1312 724 1379 locum
741 1312 912 1393 obtinens,
935 1312 1068 1380 colorcs
1095 1323 1152 1381 aut
1174 1313 1239 1380 sal-

166 1447 233 1502 tem
245 1437 339 1503 soni³
354 1435 395 1502 ad
411 1449 513 1522 νοητὸν
530 1437 619 1504 tertii
634 1446 690 1504 aut
701 1434 811 1526 quarti
824 1437 965 1526 gradus,
981 1437 1135 1505 -ambo
1149 1437 1239 1505 infra

165 1562 379 1631 dialecticam
391 1584 399 1648 ;
422 1563 468 1629 ita
485 1572 518 1629 ut
540 1571 608 1628 tres
625 1585 729 1652 prope
744 1563 778 1628 in
800 1562 941 1629 scientia
960 1562 1087 1650 gradus
1118 1562 1238 1629 admit-

163 1697 235 1755 tere
252 1689 424 1778 possimus
444 1688 497 1754 his
517 1688 551 1755 in
566 1712 601 1754 re
618 1688 781 1777 gradihus
797 1688 868 1754 lere
891 1688 1151 1778 respondentes,
1168 1711 1237 1755 non

164 1813 262 1880 aliter
282 1837 320 1881 ac
341 1815 373 1880 in
391 1837 506 1880 amore
524 1813 667 1904 pulchri.

208 2066 246 2131 ln
260 2063 403 2132 Philebo
423 2064 498 2155 plus
514 2063 555 2130 de
572 2064 684 2153 specie
705 2063 766 2130 hae
796 2072 960 2130 extranea
986 2061 1132 2153 pulchri,
1150 2085 1237 2152 quae

163 2189 291 2268 colore,
313 2189 437 2277 ligura,
459 2189 553 2255 sonis
578 2197 724 2268 constat,
746 2187 910 2276 quamde
937 2187 994 2254 illa
1019 2191 1094 2278 ejus
1117 2188 1237 2255 intima

163 2323 285 2380 natura
307 2313 431 2402 agitur.
461 2313 594 2379 Etenim
630 2312 673 2378 ihi
709 2312 956 2387 arithmeticus,
991 2313 1235 2401 geometricus,

163 2436 324 2528 physicus
343 2460 360 2503 e
376 2436 553 2503 dialectico
566 2437 663 2504 Plato
675 2437 711 2503 tit
728 2438 824 2526 quasi
836 2440 907 2526 Jam
926 2437 1143 2527 Pythagorea
1158 2437 1236 2504 doc·

164 2563 253 2629 trina
284 2561 529 2651 aliquantisper
558 2560 776 2641 redundaret,
800 2560 854 2628 vel
875 2561 971 2649 quasi
997 2561 1237 2628 mathematica

163 2687 304 2775 elogica
315 2685 535 2776 profluerent.
547 2687 587 2753 -ln
601 2685 788 2775 Republica
799 2686 909 2752 solum
924 2685 1066 2752 scientia
1081 2696 1114 2753 et
1129 2686 1236 2775 philo·

163 2811 283 2900 sophia
299 2813 448 2898 (αἰσθητὸν
470 2821 503 2877 el
530 2812 648 2897 νοητὸν)
678 2819 865 2898 συμμετρίως
899 2817 1164 2899 componuntur.
1196 2814 1233 2878 ln

163 2936 221 3003 illo
232 2944 345 3002 autem
363 2935 520 3024 Dialogo‚
539 2935 666 3002 honum
683 2934 746 3001 suh
762 2935 873 3024 specie
890 2934 1095 3016 felicitatis⁸‚
1113 2959 1233 3004 aeusi)

162 3058 225 3125 suh
246 3059 358 3148 specie
374 3058 524 3125 universi
541 3058 742 3148 plerumque
762 3058 1024 3125 considerantur
1048 3082 1066 3126 a
1092 3059 1235 3128 Platone

163 3184 310 3273 quodam
331 3183 382 3250 sui
399 3182 555 3250 dissimili
572 3193 605 3250 et
619 3183 791 3250 Aristoteli
818 3184 986 3272 proximo.
1014 3185 1053 3251 ln
1073 3184 1131 3252 illo
1156 3186 1233 3252 Dia-

159 3309 240 3397 logo
261 3310 416 3375 Socrates
437 3308 624 3375 Protarcho
645 3307 800 3375 concedit
818 3307 982 3376 utendum
999 3331 1135 3398 quoque
1157 3334 1232 3378 esse

160 3433 212 3500 his
224 3433 374 3500 scientiis
390 3433 503 3500 minus
521 3433 615 3522 puris
632 3433 704 3500 sine
722 3433 919 3523 quibusvita
938 3457 1007 3501 non
1024 3434 1131 3524 possit
1143 3435 1230 3524 geri,

159 3582 222 3625 nec
245 3585 259 3621 (ι
280 3559 334 3624 vel
351 3558 405 3624 via
426 3580 512 3646 quae
532 3556 671 3624 domum
688 3556 781 3624 ducit
797 3557 939 3646 reperiri
958 3560 1008 3638 »⁵,
1028 3579 1140 3647 neque
1162 3558 1230 3625 ullo

189 3825 198 3859 ¹
217 3827 298 3888 rint,
312 3830 338 3876 51
354 3826 405 3876 cd.
420 3854 448 3862 —
464 3827 504 3888 Ti,
518 3831 547 3876 67
564 3828 590 3878 d.
608 3854 636 3862 -
649 3828 730 3888 Men,
744 3830 774 3874 76
789 3825 815 3874 d.

189 3924 199 3957 ¹
216 3924 296 3985 Puri,
310 3927 340 3972 62
352 3937 384 3974 c.·

189 4021 200 4054 ³
217 4021 297 4081 Phil,
309 4021 375 4071 ibid.
387 4025 413 4071 et
426 4026 456 4071 66
467 4036 491 4072 c.

190 4119 201 4153 ⁴
216 4120 294 4182 Phil,
306 4123 335 4170 15
348 4120 364 4169 d
376 4123 471 4184 etseq.

189 4219 200 4253 ⁵
217 4219 296 4277 Phil,
311 4223 341 4268 63
352 4218 378 4270 h.
