2804 4814
612 283 789 346 „ffl-

162 439 344 526 interpres,
368 435 608 501 verisimilium
633 436 817 524 quamdam
851 462 1024 507 summam
1054 443 1241 513 aedificans

164 585 252 652 quae
271 583 381 651 paene
411 583 523 648 neque
556 561 698 627 omnino
727 573 945 630 tamencum
971 567 1136 636 vaticinio
1156 593 1244 637 con-

161 698 304 778 gruunt.

207 815 320 894 Qnum
337 811 484 877 societas
497 811 652 898 corporis
666 822 700 877 et
715 813 820 877 animi
843 813 877 879 iu
900 815 1043 883 Timaeo
1063 829 1243 902 tractetur,

162 963 204 1006 eo
224 941 299 1028 ipso
319 937 423 1003 simul
437 936 479 1003 de
496 936 628 1025 pulchri
644 939 850 1026 cognatione
865 963 944 1007 cum
964 947 1198 1032 congruentia
1212 959 1246 1014 et

166 1074 312 1130 numero
327 1072 360 1127 et
377 1061 607 1138 concinentia,
625 1061 712 1127 sicut
729 1063 763 1128 in
779 1063 936 1144 Philebo,
954 1067 1081 1155 agitur.
1103 1069 1246 1138 «Omne

163 1186 292 1254 bonum
319 1185 499 1275 pulchrum
524 1196 588 1263 est,
612 1185 792 1274 pulchrum
823 1199 937 1254 autem
970 1214 1040 1258 non
1065 1193 1245 1262 inconcin=

163 1318 265 1379 num¹
285 1339 315 1376 n.
333 1310 523 1399 Praecipua
537 1310 753 1377 concinentia
766 1312 958 1402 (ξυμμεςριᾷι)
973 1338 1052 1383 enm
1068 1318 1161 1386 inter
1172 1323 1246 1388 ani.

165 1458 259 1502 mum
281 1445 314 1501 et
343 1457 468 1523 corpus
490 1434 534 1499 sit
553 1434 607 1500 vel
635 1435 724 1500 inter
750 1445 820 1502 tres
846 1438 952 1504 animi
977 1442 1147 1529 speciesfl,
1170 1446 1246 1534 pul-

165 1561 286 1628 chrum
308 1559 361 1625 vel
381 1565 562 1647 ξύμμετρεν,
581 1567 619 1624 ut
633 1562 705 1649 jam
729 1583 830 1649 saepe
848 1561 1010 1644 vidimus,
1032 1566 1088 1632 hic
1104 1591 1247 1660 quoquc

165 1696 305 1775 apparet
334 1684 484 1750 medium
511 1684 681 1773 quoddam
711 1708 787 1767 esse
818 1710 860 1753 ex
891 1711 959 1776 quo
989 1689 1069 1756 hinc
1096 1695 1247 1777 sanitas,

166 1811 260 1876 illinc
274 1810 384 1875 virtus
400 1809 497 1897 quasi
514 1808 696 1897 prolluant.
715 1810 834 1898 Neque
850 1812 986 1878 animus
998 1836 1144 1904 corpore
1160 1821 1251 1887 vali-

167 1935 242 2001 dior
261 1943 294 2000 et
314 1937 424 2023 major
443 1955 519 1998 esse
534 1931 633 1999 debet
648 1955 712 1999 nec
731 1956 856 2023 corpus
873 1935 1002 2016 animo,
1020 1960 1135 2026 neque
1156 1943 1249 2011 alter

167 2061 311 2128 alterurn
328 2059 547 2126 contentione
563 2070 595 2126 et
610 2059 723 2125 calore
739 2082 945 2128 consumere
960 2073 994 2129 et
1013 2064 1163 2147 solvere,
1181 2091 1249 2137 nec

168 2189 312 2256 alterurn
335 2186 480 2252 alterum
507 2185 605 2274 qnasi
630 2185 846 2273 restinguere
869 2197 902 2253 et
921 2186 1077 2254 hebetem
1104 2190 1222 2261 lacere
1235 2221 1245 2276 ;

167 2313 226 2380 sed
240 2320 374 2401 oportet
389 2320 426 2376 ut
441 2310 597 2375 internus
613 2309 718 2376 animi
733 2319 847 2377 motus
863 2322 895 2378 et
909 2323 1073 2380 externus
1087 2320 1247 2406 corporis

167 2445 372 2525 congruant.
400 2437 451 2501 lta
479 2435 631 2523 integros
651 2436 802 2524 corporis
832 2447 865 2502 et
893 2439 1051 2519 mentis³‚
1073 2441 1107 2506 in
1128 2443 1247 2534 Repu-

167 2564 268 2644 blica,
287 2563 383 2631 Plato
398 2562 471 2628 vult
485 2584 561 2628 esse
577 2562 724 2628 civitatis
740 2563 900 2631 custodes
914 2588 1000 2653 quos
1014 2565 1192 2650 informet,
1211 2583 1248 2639 et

167 2690 293 2780 pariter
309 2685 612 2755 exercitationibus
625 2697 660 2754 et
680 2686 852 2755 laboribus
866 2690 1018 2779 corporis
1034 2713 1073 2757 ac
1092 2691 1248 2784 discipli-

170 2837 292 2881 nnrum
320 2813 433 2880 studio
455 2812 601 2892 deditos,
632 2823 665 2879 et
691 2835 760 2879 uno
787 2814 892 2880 verbo
921 2837 983 2880 nec
1013 2816 1149 2904 spurios
1179 2842 1247 2888 nec

167 2939 342 3008 claudosl.
370 2939 444 3005 Non
476 2947 590 3003 tamen
619 2936 652 3004 id
672 2939 718 3004 ita
743 2939 1003 3027 intelligendum
1024 2949 1075 3006 est
1096 2942 1192 3009 velut
1215 2947 1245 3011 si

169 3088 293 3154 corpus
311 3075 344 3130 ot
359 3063 494 3130 animus
515 3063 682 3130 rationem
703 3064 858 3130 eamdem
876 3066 964 3131 inter
983 3088 1019 3131 se
1039 3065 1188 3134 habeant
1203 3092 1246 3136 ac

169 3200 352 3278 utrumque
373 3188 526 3277 corporis
547 3187 647 3255 latus.
676 3192 853 3275 Ξυμμετρία
873 3188 1017 3278 intelligi
1038 3190 1150 3272 debet,
1172 3216 1245 3262 non
1290 3240 1296 3250 0

169 3314 369 3403 aequalitas,
383 3313 628 3402 Unusquisque
645 3335 745 3379 suum
760 3321 892 3378 motum
909 3322 942 3379 et
953 3313 1108 3381 ordinem
1126 3316 1242 3386 habet.

167 3443 253 3508 Isse
274 3440 385 3529 ipsum
403 3460 545 3504 movens
562 3438 651 3504 intra
666 3459 703 3502 se
720 3438 830 3525 ipsum
853 3437 938 3502 caeli
957 3448 1070 3506 motus
1091 3441 1240 3531 refert⁵;

198 3653 206 3685 ¹
224 3659 277 3722 οὐκ
292 3663 433 3744 ἄμετρον,
455 3659 634 3744 ξύμμετρον.
655 3670 705 3728 Ti,
722 3671 786 3716 870.

198 3771 354 3831 thomos.

197 3868 208 3901 ³
226 3869 317 3930 hosp,
334 3873 379 3917 535
392 3883 416 3917 a.
436 3854 654 3927 εὐειδεστάτους
672 3850 746 3915 κατὰ
760 3855 891 3929 δύναμιν.
912 3891 942 3899 -
961 3865 1052 3928 Resp.,
1069 3871 1115 3915 536
1127 3868 1152 3919 b.

197 3967 207 4000 ⁴
225 3968 316 4030 nesp,
333 3971 378 4015 535
391 3981 416 4015 c.
432 3993 458 4001 -
472 3967 520 4026 Ti,
535 3968 563 4013 87
580 3978 603 4013 e.

197 4054 282 4116 licitu
317 4049 380 4114 δἀὖ
413 4057 554 4130 κινήσεων
581 4057 598 4128 ἡ
631 4053 661 4110 ἐν
688 4054 782 4130 ἑαυτῷ
812 4044 964 4129 ὑφ’ἑαυτοῦ
995 4047 1097 4131 ἀρίστη
1128 4057 1240 4133 κίνησις

166 4156 307 4240 (μάλιστα
321 4157 378 4241 γὰρ
392 4171 427 4242 τῇ
444 4161 610 4240 διανοητικῇ
626 4156 674 4218 καὶ
693 4167 727 4239 τῇ
746 4166 795 4218 τοῦ
811 4160 920 4228 παντὸς
938 4159 1048 4230 κινήσει
1063 4155 1193 4244 ξυγγενῆ
1214 4158 1238 4242 l,

168 4270 305 4332 men
