2804 4814
643 278 819 342 -ra-
903 278 920 369 j-

194 430 348 496 oriantur
382 440 415 495 et
446 440 663 509 moveantur,
693 454 760 520 quo
783 431 962 497 deficiente
996 431 1128 498 eaelum
1155 431 1269 499 conci·

194 555 289 622 deret
305 563 337 620 et
368 564 491 621 natura
523 554 703 623 desisteret
732 554 1134 623 moveri.Animadverte
1166 555 1268 623 simul

194 689 231 748 ut
245 679 342 746 Plato
362 690 395 746 et
411 680 567 768 singulos
588 681 721 748 animos
738 691 770 747 et
786 681 937 747 animum
957 681 1156 747 universum
1171 669 1269 769 quasi

194 803 382 871 confundat
410 804 551 893 (etenim
577 806 753 895 singulare
777 815 811 872 et
839 805 1018 895 multiplex
1043 828 1119 872 esse
1145 827 1272 894 corpo-
1313 832 1316 842 ·

195 935 255 1016 ris,
273 958 342 1003 non
359 935 464 1001 animi
481 936 545 1022 est)
553 959 561 1014 ;
579 934 625 1000 ita
641 943 677 999 ut
693 956 734 1000 ex
752 955 894 999 munere
910 933 968 999 illo
991 933 1096 998 animi
1117 931 1269 999 officium

194 1061 385 1128 sustinendi
406 1060 557 1127 universi
579 1059 730 1148 gerentis
747 1067 779 1124 et
795 1081 837 1124 ex
852 1058 1164 1126 communicatione
1179 1056 1271 1122 divi·
1353 1097 1354 1100 =

194 1210 259 1253 nae
276 1186 367 1252 illius
380 1194 412 1251 et
428 1185 631 1251 immortalis
643 1193 786 1250 naturae
801 1205 901 1272 quam
917 1182 1174 1272 participamus
1188 1182 1270 1248 oriri

194 1309 353 1377 videatur
373 1319 406 1376 et
421 1308 553 1398 concipi
575 1309 683 1397 possit
703 1308 799 1397 quasi
822 1307 960 1396 aliquod
978 1329 1150 1396 «regnum
1165 1306 1271 1373 animi

168 1408 171 1413 .
195 1436 267 1503 sive
284 1434 363 1502 boni
386 1461 400 1497 »
417 1436 469 1519 (ut
494 1433 581 1523 apud
599 1432 838 1520 Leibnizium)‚
860 1432 914 1498 vel
930 1431 1047 1499 divina
1063 1432 1203 1499 Civitas.

240 1686 272 1751 3.
291 1724 327 1734 —
344 1685 389 1751 Ut
404 1684 561 1752 Socrates
575 1682 676 1749 modo
693 1682 789 1772 quasi
806 1682 869 1749 deo
881 1683 1062 1749 instinctus
1079 1681 1179 1749 modo
1193 1705 1273 1748 acu-

195 1818 250 1876 tus
271 1808 402 1874 minuta
425 1807 605 1874 sedulitate
627 1807 662 1873 in
679 1806 909 1897 disputatione
930 1805 1029 1872 nobis
1047 1816 1273 1886 monstratur,

197 1933 244 2000 ita
260 1933 356 1999 Plato
376 1932 411 1998 in
428 1930 630 2019 quibusdam
652 1931 797 2019 dialogis
814 1940 846 1997 et
866 1954 966 2020 saepe
983 1953 1042 1998 ore
1058 1931 1130 2020 ipso
1146 1931 1274 1999 Socra-

199 2059 241 2125 tis
256 2057 473 2137 vaticinatur,
496 2057 530 2124 in
551 2057 626 2123 aliis
649 2057 827 2145 disceptat,
840 2056 1030 2145 redarguit,
1053 2065 1274 2144 argumenta-

198 2193 266 2263 tur,
284 2182 356 2250 sive
367 2182 402 2248 in
413 2181 466 2248 his
479 2181 514 2248 in
531 2181 654 2270 quibus
672 2181 879 2250 Socraticam
898 2181 1066 2247 rationem
1083 2180 1274 2247 disserendi

197 2307 357 2385 illustrat,
379 2306 451 2372 sive
471 2305 505 2371 in
522 2305 574 2371 his
590 2304 836 2394 posterioribus
857 2304 891 2371 iu
909 2304 1032 2393 quibus
1045 2304 1145 2394 paulo
1164 2305 1275 2392 magis

199 2431 443 2498 didascalicum
467 2431 618 2498 colorem
646 2431 802 2497 assumit.
821 2431 994 2511 Quantum
1022 2440 1054 2495 et
1088 2453 1154 2517 quo
1177 2430 1275 2496 Plato

201 2580 270 2623 uno
286 2557 364 2623 nisu
384 2556 507 2645 poetici
522 2556 651 2644 ingenii
667 2554 858 2622 ascenderit
874 2564 907 2622 et
926 2555 1150 2634 transiluerit,
1173 2577 1276 2621 omne

200 2679 283 2746 illud
307 2680 436 2746 emensi
470 2702 589 2745 sumus
620 2689 653 2746 et
680 2688 794 2745 mente
828 2679 996 2768 complexi
1022 2702 1141 2746 sumus
1168 2689 1201 2745 et
1234 2703 1276 2746 eo

201 2826 311 2892 usque
332 2826 410 2870 eum
431 2803 537 2870 secuti
555 2826 686 2870 sumus
706 2802 772 2871 Sed
788 2804 872 2869 haec
901 2803 1024 2892 placita
1051 2803 1151 2869 modo
1173 2803 1276 2869 invo-

201 2927 272 2993 luta
291 2937 323 2993 et
343 2927 494 3016 pulchris
510 2928 653 2994 somniis
675 2927 812 3006 similia,
833 2927 932 2993 modo
963 2927 1091 3016 poetice
1108 2927 1277 3016 explicata

180 3084 182 3092 ·
202 3061 235 3119 et
255 3051 405 3117 fabulam
424 3050 620 3117 adhibentia
636 3051 682 3116 ita
704 3060 739 3117 ut
764 3073 782 3117 e
808 3047 934 3116 mundo
968 3052 1139 3117 lluxarum
1159 3073 1275 3116 rerum

202 3199 265 3243 nos
285 3176 480 3256 extrahant,
501 3199 592 3242 nunc
614 3174 846 3264 quaerendum
877 3185 941 3253 est,
956 3186 1026 3241 tum
1051 3199 1138 3264 quae
1157 3175 1277 3241 lunda·

204 3311 317 3368 menta
339 3301 535 3395 habeantin
553 3301 756 3390 quibusdam
776 3299 921 3388 dialogis
942 3299 983 3365 ad
1000 3300 1228 3390 inspiciendas
1245 3310 1279 3367 et
1324 3348 1328 3356 -

203 3425 399 3516 purgandas
420 3427 599 3515 opiniones
617 3425 671 3492 vel
698 3424 738 3491 ad
765 3424 976 3490 definiendas
992 3426 1136 3491 virtutes
1166 3435 1198 3490 et
1222 3448 1278 3492 res

204 3550 372 3617 humanas
393 3549 629 3630 attinentibus,
642 3561 713 3617 tum
732 3572 832 3639 quam
845 3550 914 3615 vim
935 3549 1144 3639 probationis
1162 3573 1203 3616 ex
1223 3549 1277 3616 his

204 3675 450 3765 posterioribus
471 3675 597 3742 ducant
619 3676 654 3742 in
676 3675 798 3764 quibus
815 3675 910 3741 Plato
930 3677 1000 3765 jam
1026 3698 1131 3741 senex
1164 3676 1277 3742 minus

204 3801 335 3889 poetice
352 3810 459 3866 tentet
474 3800 576 3867 simul
597 3800 682 3866 nibil
702 3823 873 3889 exponere
887 3803 985 3889 cujus
1016 3823 1083 3865 non
1109 3800 1276 3866 rationem

206 3923 336 4002 allorat,
364 3934 465 4012 atque
491 3925 593 3990 etiam
624 3924 882 3991 accommodare
908 3949 948 3991 ea
981 3949 1066 4013 quae
1089 3925 1209 3991 doceat
1236 3925 1277 3991 ad

205 4070 319 4114 rerum
338 4048 575 4114 tractationem
591 4059 623 4115 et
644 4049 723 4115 talia
739 4048 862 4115 docere
879 4073 965 4137 quae
986 4050 1058 4137 geri
1080 4049 1223 4138 possint.

251 4175 295 4241 Ut
312 4196 425 4240 sermo
446 4173 598 4262 vulgaris
614 4173 794 4264 pulchrum
813 4174 903 4241 bono
924 4175 1056 4241 socium
1073 4174 1226 4264 adjungit
1243 4175 1278 4240 in
