2804 4814
613 319 657 327 ,
681 281 790 388 45.-

163 432 291 511 animo,
314 455 384 498 rem
402 432 436 498 in
450 443 563 522 partes
578 432 780 520 digerendo,
798 433 928 499 invenit
949 444 982 499 et
1002 433 1134 523 prohat,
1156 435 1237 500 etin
1337 490 1339 497 ,

162 557 400 647 operibueillis
416 557 524 645 magis
534 559 773 647 praeceptiris,
786 559 862 647 plus
874 559 1123 626 mathematicis
1136 582 1237 648 quarn

163 682 303 771 poeticis
339 693 372 749 et
405 682 507 748 simul
534 684 663 750 'cursus
690 683 778 749 vitae
815 683 984 750 rationem
1015 682 1237 750 habentihus¹

162 807 329 896 exponit),
344 817 445 873 sunt:
465 806 608 895 pulchra
629 829 773 897 corpora
794 807 919 896 (neque
944 830 1020 874 esse
1055 808 1135 874 talia
1156 831 1236 897 pos-

163 942 244 998 sunt
276 932 342 998 nisi
369 931 510 1020 pulcher
540 954 676 1021 quoque
700 933 835 1000 animus
859 932 914 1012 sit,
937 955 1040 1022 quum
1059 933 1240 1023 pulchrum

164 1056 314 1123 medium
333 1055 503 1145 quoddam
520 1057 563 1122 sit
579 1057 668 1122 inter
688 1057 793 1122 animi
805 1067 837 1124 et
852 1057 1006 1147 corporis
1023 1058 1184 1124 virtutem
1207 1069 1240 1124 et

165 1181 421 1259 rectitudinem,
444 1191 545 1270 atque
565 1182 666 1247 etiam
690 1182 778 1248 inter
799 1178 980 1248 terrestria
994 1192 1027 1250 et
1051 1183 1238 1262 caelestia),

162 1305 296 1394 pulchri
311 1306 430 1385 animi,
445 1305 588 1395 pulchra
605 1305 742 1372 laedera
761 1307 878 1373 mundi
898 1307 951 1373 vel
984 1307 1238 1374 mathematico·

162 1452 240 1496 rum
267 1441 299 1496 et
333 1430 508 1521 physicae,
541 1454 618 1497 curn
648 1431 902 1520 pulchritudine
933 1432 1099 1511 universi,
1133 1431 1240 1498 divini

162 1554 289 1645 operis,
307 1555 375 1623 imo
391 1554 496 1621 divini
515 1559 598 1643 Ζῷου
616 1578 651 1621 se
671 1555 912 1634 immiscenda,
928 1556 1076 1646 denique
1091 1556 1240 1647 pulchri·

163 1679 244 1746 tudo
265 1679 469 1768 exemplaris
488 1680 579 1746 illius
609 1679 651 1747 ad
676 1681 933 1748 similitudinem
962 1684 1061 1772 cujus
1091 1681 1239 1748 mundus

163 1804 204 1871 ab
225 1804 402 1871 Intellectu
438 1804 604 1872 formatus
639 1815 701 1881 est,
724 1805 757 1873 id
787 1816 838 1873 est
871 1807 1011 1896 eptimi;
1031 1830 1238 1896 quamquam

162 1941 276 1996 tamen
298 1929 465 2018 optimum
479 1930 749 2019 pulcherrimum
760 1954 836 1998 esse
852 1932 921 1998 imo
932 1932 1111 2021 pulchrum
1127 1932 1238 2021 ipsum

166 2056 212 2120 ita
248 2054 508 2142 intelligendum
554 2056 654 2127 nobis
694 2056 828 2123 videtur
870 2057 963 2124 velut
1005 2057 1031 2123 si
1071 2058 1237 2147 optimum

163 2179 295 2245 dicatur
314 2180 497 2269 praecipua
513 2191 544 2247 et
561 2181 758 2247 necessaria
778 2204 854 2248 esse
869 2205 974 2248 causa
989 2182 1121 2272 pulchri
1137 2206 1156 2248 a
1172 2205 1239 2271 qua

163 2305 274 2371 omnis
297 2304 512 2393 pulchritudo
533 2315 565 2371 et
585 2329 682 2372 amor
701 2306 858 2395 pendeat.

207 2431 326 2518 Longe
342 2431 581 2519 praeteriimus
597 2431 778 2520 pulchrum
793 2432 883 2499 istud
906 2433 996 2521 quod
1019 2433 1115 2522 quasi
1133 2442 1238 2499 natu-

162 2555 233 2621 rale
255 2553 384 2620 donum
405 2555 460 2621 hic
482 2565 540 2621 aut
568 2555 622 2621 ille
647 2557 821 2623 sortiatur.
850 2559 903 2625 Ex
927 2558 1067 2624 Timaeo
1094 2557 1236 2646 intelligi

164 2689 278 2774 potest
299 2679 492 2759 Platonem,
521 2679 610 2768 quod
641 2681 759 2747 attinet
789 2681 829 2747 ad
860 2682 1047 2761 hominem,
1063 2682 1129 2749 tale
1145 2694 1147 2697 ’
1165 2682 1237 2772 pul·

162 2789 459 2892 chrumspectare
486 2815 521 2871 ut
550 2814 694 2872 naturae
714 2806 900 2890 humanae,
921 2807 1074 2876 universi
1100 2809 1237 2896 generis

163 2928 304 2995 humani
325 2929 369 2995 sit
384 2929 612 3018 potiusquam
629 2929 733 3020 hujus
745 2940 803 2997 aut
818 2931 924 3011 illius,
941 2941 975 2998 et
994 2931 1123 3000 homini
1136 2932 1237 2998 modo

163 3080 183 3120 a
196 3054 314 3120 divino
331 3054 451 3144 opifice
468 3055 624 3122 absoluto
644 3056 787 3124 insuerit
817 3066 851 3123 et
878 3058 1031 3147 reparari
1058 3058 1178 3147 possit,
1194 3092 1236 3107 -

163 3202 231 3245 uno
252 3178 357 3246 verbo
378 3202 498 3269 puram
528 3191 686 3247 naturam
716 3182 902 3261 humanam
932 3206 1009 3249 eum
1044 3182 1236 3271 intelligere

163 3305 275 3392 qualis
296 3305 330 3371 in
350 3305 535 3395 primordio
556 3305 672 3386 luerit,
691 3307 801 3396 qualis
821 3307 863 3373 ab
892 3331 932 3374 eo
962 3308 1020 3396 qui
1050 3307 1237 3397 primordia

163 3430 264 3520 hujus
289 3431 379 3497 norit
396 3431 529 3498 restitui
554 3432 674 3521 possit,
694 3455 814 3521 puram
835 3431 867 3498 id
891 3442 942 3499 est
964 3432 1128 3500 divinitus
1164 3433 1236 3523 pul-

162 3555 279 3621 chram
299 3556 541 3644 (cognovimus
558 3557 650 3622 enim
669 3557 875 3625 enennullis
890 3556 1106 3646 dialogorum
1127 3559 1236 3625 locis²

162 3680 267 3746 multa
294 3703 332 3746 ac
352 3681 499 3764 diversa,
518 3681 682 3762 colorem,
705 3682 866 3770 figuram,
884 3683 1106 3772 voluptatem,
1131 3684 1235 3750 animi

160 3815 333 3885 naturam,
350 3815 443 3873 tanto
465 3806 673 3896 pulchriora,
691 3807 907 3896 perfectiora,
927 3808 1085 3900 propiora
1100 3807 1236 3874 divinae

191 4110 199 4142 ¹
216 4109 296 4172 Phil,
313 4113 342 4158 62
360 4109 386 4159 b.

191 4206 202 4240 ²
218 4207 300 4270 Phil,
312 4208 434 4258 Phaed0.
