2804 4814
619 283 796 350 -ig-

168 447 280 527 pacta,
301 437 426 504 dicitur
440 461 509 504 non
529 438 687 527 possead
706 440 854 528 priorem
877 440 1079 528 dignitatem
1113 438 1243 524 reduci,

171 563 236 628 nisi
252 563 501 629 contrariorum
519 584 653 629 morum
677 573 710 629 et
725 573 926 630 naturarum
950 565 984 630 in
1017 588 1126 632 unum
1154 590 1244 634 com-

170 688 355 754 mixtorum
381 697 665 776 temperament0‚
691 689 788 776 quasi
816 688 967 777 undique
988 690 1183 778 cogendum
1215 703 1246 760 et

168 813 440 881 contrahendum
461 814 550 880 foret
569 813 661 902 quod
682 813 857 880 diductum
887 815 920 881 in
956 815 1097 882 multam
1129 817 1245 906 singu-

167 937 280 1003 lorum
303 938 521 1025 ingeniorum
537 938 769 1004 diversitatem
790 937 924 1018 fuisset,
943 940 984 1007 ad
998 941 1244 1008 restituendam

163 1063 203 1128 -in
239 1064 417 1163 'integrum
457 1072 614 1129 naturam
657 1063 853 1129 humanam.
889 1065 940 1130 lta
983 1065 1017 1130 in
1057 1065 1245 1154 Republica

167 1187 278 1269 Plato,
300 1211 405 1277 quum
422 1188 548 1277 alioqui
566 1211 651 1278 pura
670 1189 799 1254 servari
814 1211 943 1277 genera
959 1190 1137 1257 bominum
1149 1191 1244 1271 velit,

166 1323 283 1380 tamen
307 1313 467 1380 custodes
481 1313 634 1380 ‘civitatis
653 1313 739 1380 tales
763 1313 888 1380 debere
910 1337 987 1381 esse
1011 1315 1188 1382 contendit
1209 1324 1247 1382 ut
1328 1355 1331 1360 ·

168 1448 349 1527 utramque
392 1437 541 1505 indolem
582 1448 796 1505 mansuetam
826 1439 882 1505 vel
925 1447 1080 1528 φιλόσοφον
1113 1451 1146 1507 et
1178 1441 1246 1508 lor-

167 1574 235 1631 tem
265 1564 320 1630 vel
349 1565 540 1630 animosam
573 1564 605 1629 in
636 1587 673 1630 se
704 1571 940 1653 componant¹
975 1587 1071 1632 more
1100 1588 1246 1654 genero-

166 1712 284 1758 sorum
304 1711 442 1755 canum.
466 1691 551 1755 ltem
577 1690 610 1754 in
634 1688 777 1755 Politico
805 1699 911 1756 artem
935 1690 1065 1778 regiam
1087 1700 1247 1758 texturae

166 1815 301 1882 cuidam
332 1814 510 1881 assimulat
551 1837 656 1903 quum
700 1814 732 1878 in
775 1815 912 1881 civitate
953 1814 1136 1882 connubiis
1170 1817 1247 1883 vin-

166 1942 353 2030 cire-opus
382 1940 426 2005 sit
459 1937 672 2005 moderatum
705 1940 883 2027 ingenium
910 1961 989 2006 curn
1018 1940 1176 2008 animoso
1210 1941 1246 2007 in

168 2065 326 2132 eumdem
345 2063 484 2131 modum
501 2086 539 2130 ac
556 2063 623 2130 tela
643 2062 846 2130 subteminis
866 2087 945 2130 curn
965 2065 1112 2131 stamine
1133 2065 1247 2155 impli-

167 2191 302 2258 catione
336 2199 370 2256 et
401 2199 561 2256 contexto
589 2189 799 2255 conficitur2.
816 2191 901 2255 ltem
931 2189 965 2254 in
986 2188 1137 2278 Legibus
1162 2213 1247 2280 prae

166 2316 289 2382 ceteris
310 2314 493 2381 virtutibus
525 2313 784 2403 temperantiam
818 2325 851 2380 et
880 2313 1019 2380 modurn
1048 2314 1181 2381 extollit
1213 2327 1248 2383 et

166 2452 273 2508 artem
295 2441 330 2506 in
347 2439 458 2508 medio
475 2439 623 2528 quodam
638 2438 880 2519 consistendil,
897 2439 939 2505 de
959 2449 1083 2506 natura
1103 2440 1244 2508 virtutis

165 2567 254 2633 sicut
268 2564 310 2632 de
332 2563 534 2653 quibusdam
559 2564 634 2630 aliis
650 2563 752 2629 rebus
770 2564 866 2652 quasi
899 2586 1126 2654 praecerpens
1150 2567 1246 2654 cogi-

163 2699 272 2764 tatum
300 2689 428 2779 aliquid
452 2689 626 2756 Aristoteli
654 2698 773 2778 postea
801 2687 1017 2777 imputatum.
1041 2689 1083 2755 Et
1103 2689 1244 2777 quidem

164 2817 237 2884 sive
270 2840 312 2883 ex
334 2817 488 2894 Timae0,
518 2816 589 2881 sive
610 2838 652 2882 ex
672 2814 872 2904 Republica,
897 2815 969 2881 sive
1003 2839 1046 2882 ex
1076 2817 1244 2905 Legibus,

163 2942 346 3031 praecipua
364 2941 486 3019 virtus,
504 2940 576 3006 sive
593 2940 727 3029 justitia
748 2940 820 3006 sive
842 2941 1068 3029 temperantia
1084 2951 1241 3022 vocetur,

164 3089 234 3132 uno
245 3065 350 3132 verbo
364 3065 634 3155 perfectissimus
651 3065 800 3130 hominis
817 3065 871 3130 vel
891 3065 1038 3131 civitatis
1061 3075 1240 3145 status-

166 3191 298 3257 musica
319 3189 485 3278 quaedam
507 3200 570 3267 est,
593 3228 637 3238 —
657 3199 703 3268 et,
733 3189 830 3255 sicuti
856 3189 930 3255 soni
955 3189 1145 3256 intervallis
1174 3191 1242 3257 dis-

193 3504 201 3539 1
219 3504 312 3570 Resp.‚
325 3509 370 3554 375
381 3519 404 3560 e,
421 3509 467 3553 tto
478 3519 500 3554 e.

192 3606 203 3639 ²
220 3604 288 3665 Pol,
299 3608 344 3652 282
359 3618 383 3666 e,
396 3607 443 3652 310
456 3618 479 3653 e.

193 3687 203 3720 ³
221 3689 399 3764 ἀσπαζέσθαι
417 3695 449 3751 τὸ
472 3693 570 3766 μέσον.
592 3701 668 3764 Leg„
680 3701 739 3750 VII.

163 3793 288 3879 (τέχναι)
302 3802 335 3858 τὸ
352 3800 457 3878 μέτρον
473 3792 613 3869 σώζουσαι
627 3791 717 3856 πάντ’
732 3792 829 3876 ἀγαθὰ
843 3796 891 3857 καὶ
908 3792 987 3857 καλὰ
1007 3792 1237 3875 ἀπεργάζονται.

162 3906 233 3967 Ροι.,
249 3910 294 3954 nec
308 3905 333 3954 n.
1059 3970 1060 3975 ἵ

160 3999 194 4056 τὸ
214 3989 360 4074 δ’ἕτερον,
379 3992 469 4054 ὁπόσα
489 3997 564 4073 πρὸς
584 3996 617 4052 τὸ
638 3995 753 4072 μέτριον
770 3990 818 4053 καὶ
836 3994 993 4072 τὸπρέπαν
1007 3990 1055 4051 καὶ
1070 3995 1119 4052 τὸν
1135 3993 1237 4071 καιρὸν

161 4099 210 4163 καὶ
228 4104 260 4161 τὸ
275 4101 339 4161 δέον
360 4098 408 4161 καὶ
420 4097 495 4160 πάνθ
518 4094 619 4160 ’ὁπόσα
635 4094 676 4170 εἰς
691 4103 724 4159 τὸ
741 4102 827 4176 μέσον
848 4094 999 4178 ἀπῳκίσθη
1015 4101 1073 4158 τῶν
1088 4096 1237 4177 ἐσχάτων.
1268 4094 1272 4101 ’

161 4210 229 4271 Pol.¹
243 4212 288 4256 284
299 4221 322 4256 e.
