2804 4814
475 754 868 859 PRAEFATIO

178 1483 493 1570 Disceptationem
509 1484 789 1552 instituentibus
806 1484 854 1551 de
872 1484 1080 1552 aestbetica
1099 1483 1211 1551 simul

138 1616 174 1677 et
199 1610 354 1678 Politice
382 1610 547 1678 Platonis
576 1611 768 1695 quomodo
797 1611 894 1677 inter
911 1628 952 1678 se
972 1609 1209 1695 cohaereant,

137 1736 282 1804 scilicet
306 1736 353 1803 de
376 1735 476 1803 haud
502 1753 613 1821 parva
642 1734 753 1819 huJ'us
780 1734 999 1820 philosophi
1020 1733 1212 1802 doctrinae

138 1867 259 1945 parte,
271 1900 315 1907 —
330 1860 432 1927 haud
447 1860 612 1928 alienum
628 1878 650 1926 a
665 1865 795 1927 nostro
814 1877 930 1945 scopo
950 1859 1020 1925 erit
1035 1875 1151 1944 pauca
1165 1858 1213 1925 de

138 1987 287 2054 Socrate
311 1986 498 2053 disserere
523 1985 666 2054 scilicet
689 1986 737 2052 de
763 2003 807 2052 eo
830 1983 894 2069 qui
916 1984 1083 2052 vicissim
1102 1983 1215 2050 fuerit

138 2111 313 2197 magister
327 2111 505 2194 Platonis
523 2116 560 2177 et
574 2128 738 2196 persona
752 2110 789 2176 in
802 2090 965 2195 Dialogis
981 2127 1048 2194 pro
1060 2109 1213 2176 Platone

135 2235 248 2301 verba
261 2234 404 2302 faciens
416 2252 460 2303 ac
471 2234 629 2301 forsitan
641 2252 717 2301 non
734 2251 866 2319 parum
879 2232 1076 2300 dissimilis
1088 2251 1109 2299 a
1123 2250 1212 2299 vero

137 2359 301 2440 Socrate,
320 2365 356 2426 et
381 2359 502 2427 obiter
529 2358 717 2444 inquirere
751 2365 938 2443 quatenus
965 2357 1023 2425 vel
1052 2375 1215 2442 persona

136 2484 194 2551 vel
227 2483 398 2551 doctrina
427 2483 541 2568 hujus
572 2484 847 2551 incrementum
877 2470 936 2550 vel
965 2483 1213 2550 mutationem

136 2609 361 2694 acceperint,
383 2608 421 2674 in
451 2608 717 2691 Platonicum
745 2608 795 2674 ita
819 2607 955 2693 dicam,
979 2627 1067 2694 agro
1097 2613 1210 2675 satae.

136 2731 181 2798 Et
212 2749 288 2825 non
320 2732 433 2798 modo
468 2749 545 2798 non
580 2731 746 2799 alienum
780 2749 801 2797 a
835 2737 965 2799 nostro
999 2730 1212 2817 proposito,

138 2873 267 2923 verum
297 2855 410 2922 etiam
440 2854 528 2924 huic
560 2855 816 2924 necessarium
856 2854 948 2922 illud
978 2856 1214 2941 prooemium

137 2980 330 3067 apparebit
346 2981 378 3047 si
394 2980 508 3048 modo
529 2981 622 3048 haec
647 2979 974 3048 considerabimus
994 3004 1000 3042 :

183 3106 218 3172 l0
242 3105 397 3174 Culmen
413 3105 626 3174 Platonicae
645 3105 839 3172 doctrinae
859 3104 1050 3173 Politicam
1065 3104 1213 3188 fuisset,

137 3229 330 3300 Politicam
354 3230 498 3298 scilicet
520 3230 814 3316 descriptionem
840 3235 877 3297 et
902 3229 1104 3316 imaginem
1130 3229 1215 3316 pul-

138 3355 348 3422 cherrimae
364 3354 521 3422 civitatis
543 3360 581 3421 et
595 3353 858 3439 perfectissimi
876 3353 1060 3438 hominis3
1078 3353 1123 3421 ex
1140 3370 1216 3438 quo

138 3479 338 3566 praesagiri
367 3478 475 3548 facile
507 3484 632 3564 potest
665 3478 858 3547 Politicam
887 3478 1129 3546 AEstheticam
1163 3479 1216 3544 in-

139 3604 301 3689 volvere,
320 3611 357 3672 et
381 3605 479 3672 hanc
507 3603 669 3671 maxime
697 3603 795 3672 circa
814 3604 938 3671 ideam
953 3603 1050 3671 bene
1067 3621 1218 3690 compo·

139 3730 231 3798 sitae
247 3731 407 3798 civitatis
423 3731 637 3816 egregiique
652 3729 745 3796 civis
760 3735 949 3797 versatum
970 3730 1015 3796 iri
1028 3750 1036 3813 3

170 3998 179 4032 ¹
197 4000 258 4049 Non
272 4000 393 4049 aliterue
406 4000 555 4048 maximum
571 3998 694 4047 Platonis
707 4011 777 4061 opus
788 3999 816 4047 et
832 3998 948 4046 maxime
959 3997 987 4045 et
1003 3996 1111 4058 longius
1122 3995 1216 4044 elabo-

140 4100 229 4165 ratum
250 4099 276 4146 et
294 4099 374 4160 quasi
395 4097 544 4146 medullam
562 4095 703 4145 doctrinae
719 4098 745 4144 ln
763 4097 862 4145 ceteris
878 4093 995 4156 dialogis
1013 4106 1126 4156 sparsae
1146 4105 1218 4140 corn-

140 4194 263 4259 plectens
277 4195 387 4245 videtur
400 4195 485 4245 fuisse
503 4179 659 4243 Πολιτεία.
