2804 4814
570 284 741 348 ..27-

117 435 1191 526 commodo,exvoluptatecontemplationiS,exhonestoetiam,

117 560 265 650 denique
276 584 317 628 ex
330 561 439 650 primo
450 561 507 629 illo
516 584 642 650 genere
652 562 705 628 cui
714 561 855 650 pulchro
867 560 1037 627 nominari
1049 559 1192 648 contigit

50 767 53 772 Ι
117 697 150 751 et
169 707 230 774 pro
246 685 402 774 exemplo
418 685 550 775 pulchri
568 685 699 765 haberi,
712 684 745 751 id
763 694 869 751 estex
888 686 1038 752 humano
1052 683 1191 750 animali

117 811 222 898 (ζῴῳ).
249 810 382 875 Etenim
405 833 493 899 quae
513 810 655 900 pulchra
672 820 770 890 sunt,
797 810 927 877 homini
950 809 1092 900 pulchra
1112 818 1192 875 sunt

116 943 218 1022 atque
241 935 286 1000 ita
310 957 388 1001 cum
412 938 487 1025 ejus
511 945 633 1002 natura
649 944 846 1024 congruunt
871 945 902 1001 et
928 933 1189 1002 similitudinem

117 1057 265 1140 hahent3
288 1060 356 1126 imo
369 1057 514 1126 formam
535 1070 678 1126 naturae
698 1083 776 1126 suae
797 1069 888 1127 amat
909 1059 1011 1127 homo
1025 1082 1067 1126 ex
1083 1080 1191 1146 ecque

115 1182 246 1272 judicat
258 1182 338 1272 quid
350 1184 530 1274 pulchrum
544 1185 600 1264 sit,
614 1184 693 1274 quid
710 1208 778 1252 non
793 1209 801 1265 ;
817 1184 869 1251 his
883 1183 925 1250 de
941 1182 1192 1273 causisduplex

117 1317 241 1375 natura
252 1309 431 1399 pulchrum
445 1320 508 1390 est,
521 1320 558 1378 ut
569 1310 672 1378 homo
684 1319 818 1384 constat
828 1333 847 1376 e
858 1332 1000 1399 corpore
1016 1318 1048 1375 et
1062 1308 1191 1387 animo,

116 1473 157 1482 —
178 1442 210 1499 et
231 1433 319 1500 sicut
334 1434 436 1502 homo
458 1435 623 1503 inanimo
641 1458 748 1525 paene
763 1444 857 1503 totus
872 1443 937 1514 est,
955 1435 1001 1500 ita
1017 1455 1189 1500 summum

117 1557 250 1646 pulchri
268 1559 301 1625 in
318 1558 462 1627 honesto
483 1569 546 1628 est.
562 1601 606 1611 —
622 1561 663 1627 Et
680 1560 732 1627 his
753 1559 902 1627 exordiis
918 1583 961 1626 ex
979 1558 1101 1648 quihus
1116 1558 1191 1648 pul-

91 1765 94 1770 ·
116 1682 189 1748 chri
206 1692 329 1749 natura
345 1684 526 1764 conflatur,
548 1683 767 1773 adjungenda
791 1695 842 1751 est
864 1685 965 1751 etiam
989 1684 1093 1750 animi
1114 1683 1166 1750 vis
1179 1704 1188 1770 3

117 1807 174 1896 qui
187 1807 279 1888 enim
291 1807 422 1896 pulchri
436 1806 552 1875 aurore
564 1809 772 1898 percellitur,
786 1809 1075 1876 immortalitatem
1092 1831 1191 1897 appe·

53 2011 57 2017 p
117 1931 172 2017 tit;
187 1954 299 2021 neque
310 1941 361 1998 est
375 1932 613 2000 immortalitas
626 1933 689 2000 nisi
704 1933 808 1998 animi
819 1942 1028 1999 autnaturae
1039 1931 1188 1998 divinae.

115 2097 159 2106 -
180 2057 312 2123 Haecce
332 2057 419 2124 ratio
444 2057 633 2125 secundum
654 2057 830 2124 Platonem
853 2057 984 2147 pulchri
1005 2055 1099 2123 reddi
1125 2079 1191 2146 po-

116 2188 198 2255 test;
221 2191 322 2271 atque
348 2182 516 2272 imprimis
536 2206 595 2273 per
616 2183 738 2273 placita
758 2185 833 2272 ejus
858 2182 899 2249 de
926 2206 1043 2250 amore
1065 2181 1189 2249 intueri

116 2329 301 2395 possumus
313 2316 469 2374 naturam
487 2309 637 2398 pulchri3
652 2331 738 2397 quae
752 2310 874 2398 placita
886 2308 1014 2398 aliquid
1026 2309 1189 2378 Socratici

116 2432 259 2498 seminis
279 2432 444 2512 referunt,
461 2432 520 2499 sed
541 2433 574 2499 in
596 2433 700 2500 uhere
715 2434 816 2523 gleha
836 2435 898 2501 sati
915 2443 948 2500 et
964 2434 1040 2501 orti.

162 2556 259 2623 Aliud
277 2557 378 2623 etiam
395 2568 538 2647 naturae
559 2558 705 2648 pulchri,
728 2557 916 2625 secundum
935 2558 1111 2624 Platonem
1125 2560 1190 2623 ex'-

116 2680 287 2770 planatae,
308 2682 396 2748 inest
417 2682 506 2770 quod
523 2682 612 2750 haud
638 2683 736 2750 facile
759 2706 822 2750 nec
844 2683 994 2750 breviter
1014 2704 1190 2772 expresse-

117 2805 196 2872 rim.
219 2807 256 2872 ln
278 2806 431 2895 pluribus
454 2806 599 2896 dialogis
616 2823 717 2897 saepe
733 2808 882 2875 occurrit
902 2831 941 2874 ea
958 2807 1073 2898 opinio
1088 2806 1188 2872 vehe-

119 2938 251 2995 menter
267 2930 444 3020 aquodam
460 2930 706 3026 disputantium
724 2955 900 3022 expressa,
917 2943 950 2999 et
963 2932 1059 3021 quasi
1077 2954 1190 3021 asper-

118 3054 210 3121 natio
223 3054 458 3145 philosophiae
475 3057 594 3122 morali
612 3080 747 3146 semper
762 3058 885 3124 iterum
904 3057 1057 3147 objecta:
1074 3065 1190 3145 poton-

116 3177 238 3243 tiorem
251 3179 305 3244 vel
316 3179 515 3246 validiorem
535 3179 587 3246 vel
599 3183 763 3270 majorem
779 3185 786 3225 ¹
806 3181 879 3247 sive
896 3182 1005 3247 virum
1022 3182 1094 3247 sive
1110 3180 1190 3246 civi·

119 3309 223 3367 tatem
242 3303 417 3370 meliorem
436 3327 572 3393 quoque
588 3328 677 3385 esse,
691 3305 809 3372 saltem
825 3305 1013 3373 secundum
1033 3314 1189 3371 naturam

117 3427 145 3492 si
165 3449 234 3493 non
256 3428 443 3495 secundum
461 3429 556 3518 leges
573 3452 658 3518 quas
674 3430 914 3521 imbecilliores
930 3430 962 3496 id
983 3439 1033 3496 est
1047 3429 1191 3496 deterio-

118 3575 174 3619 res
196 3552 460 3634 condideruntl,
479 3565 512 3620 et
535 3578 577 3621 ex
596 3555 688 3622 illius
709 3555 896 3623 secundum
917 3564 1058 3621 naturae
1078 3554 1189 3644 legem

150 3878 156 3910 ¹
175 3877 268 3940 Gorg,
280 3880 326 3926 488
342 3876 359 3925 d
374 3877 409 3926 ad
419 3880 466 3927 484
480 3890 503 3939 c,
516 3904 546 3912 —
560 3881 606 3927 488
622 3891 644 3927 c.
663 3870 859 3951 τεκμαίρομαι
874 3872 999 3951 ἔργοισιν
1019 3860 1192 3950 Ἡρακλέος

116 3971 180 4034 ἐπεὶ
198 3969 384 4053 ἁπριάτας...

146 4089 158 4123 ²
176 4089 268 4152 Gorg„
282 4093 328 4139 488
339 4103 356 4140 a
369 4105 375 4140 :
394 4083 475 4161 φύσει
490 4073 541 4158 μὲν
559 4077 616 4162 γὰρ
630 4082 687 4142 πᾶν
699 4082 811 4162 αἴσχιόν
823 4080 913 4158 ectri,
927 4080 1001 4164 ἀ’περ
1012 4080 1060 4144 κἀὶ
1076 4079 1190 4156 κακίαν,

116 4191 149 4250 τὸ
162 4183 337 4263 ἀδικεῖσθαι,
354 4186 435 4269 νόμῳ
455 4189 531 4250 δὲτὸ
547 4184 670 4250 ἀδικεῖν.
683 4221 726 4231 -
746 4200 841 4262 Gorg,
852 4203 897 4249 483
910 4199 935 4248 h.
948 4199 1122 4262 -Rep,338
1137 4211 1158 4246 c.
1289 4224 1293 4230 -
