2804 4814
612 291 788 355 .-ffl-

162 439 244 530 quid
268 442 470 530 supervacui
497 465 577 531 prae
600 445 723 510 ceteris
746 443 876 510 artibus
899 444 1023 510 habere
1048 443 1236 511 atmodum
1283 506 1284 509 ,
1358 509 1361 516 .

159 566 327 634 excedere
345 590 413 633 non
431 589 577 655 magnae
599 569 819 658 reipublicae.

205 820 236 885 3.
254 858 297 867 -
312 816 564 905 Aggrediamur
579 841 670 884 nunc
687 841 763 884 eam
780 818 848 884 vim
870 841 937 906 qua
958 818 1237 907 paene'omnium

158 943 285 1009 artium
305 941 392 1008 ratio
412 943 608 1009 necessario
629 942 777 1010 nititur:
797 942 1063 1009 aemulationem
1078 951 1234 1008 naturae.

158 1067 406 1134 AEmulatorem
436 1076 580 1133 naturae
612 1067 706 1156 p'arvi
729 1066 808 1133 facit
836 1066 932 1133 Plato
962 1066 1134 1155 sophistae
1158 1088 1236 1132 eum

159 1191 366 1258 assimulans
378 1191 532 1257 inanium
544 1191 806 1258 simulacrorum
820 1191 984 1258 molitori¹
998 1191 1079 1257 etde
1094 1191 1187 1257 omni
1201 1214 1237 1257 re

159 1305 310 1405 captiose
327 1315 508 1382 disserenti
523 1326 555 1382 et
576 1317 622 1383 ita
636 1326 672 1383 ut
687 1317 860 1383 hominem
878 1317 1025 1405 peritum
1041 1315 1134 1382 ludat
1146 1316 1179 1381 iu
1196 1316 1237 1383 iis

160 1439 400 1528 rebusquibus
416 1450 546 1507 tantum
560 1464 628 1508 non
643 1440 875 1508 alienissimus
891 1441 945 1507 sit.
964 1442 1039 1507 Non
1051 1441 1148 1507 aliter
1164 1440 1237 1506 imi-

161 1573 249 1631 tator
269 1566 323 1631 vel
338 1575 438 1654 poeta
453 1566 507 1632 vel
524 1567 631 1656 pictor
648 1566 797 1656 primum
812 1565 896 1631 nihil
913 1564 1003 1653 quod
1019 1588 1099 1631 vere
1115 1565 1238 1632 existat

160 1689 288 1768 condit,
308 1688 366 1755 sed
384 1691 479 1778 quasi
503 1689 657 1756 umbram
676 1699 808 1756 tantum
825 1690 981 1779 procudit
999 1701 1031 1757 et
1051 1689 1237 1778 imaginem

160 1837 282 1880 vanam
306 1814 440 1902 qualem
467 1815 645 1881 remittunt
668 1815 827 1904 specula2
847 1814 901 1880 vel
921 1814 1138 1904 lympharum
1163 1837 1237 1903 spo-

161 1939 275 2005 culum
305 1940 475 2029 (perparvi
511 1941 675 2006 momenti
702 1939 842 2006 effectus
872 1962 952 2028 prae
979 1939 1101 2005 ceteris
1134 1938 1237 2005 rebus

161 2065 330 2149 naturae).
351 2064 464 2130 Pictor
479 2064 534 2152 qui
550 2064 626 2130 lecti
645 2064 830 2152 imaginem
850 2064 991 2152 effingat
1007 2064 1107 2130 tertio
1127 2062 1236 2152 gradu

161 2188 287 2256 distare
298 2189 450 2255 dicitura
465 2211 547 2255 vera
561 2198 682 2255 natura
699 2191 745 2255 rei
760 2189 976 2277 quumetiam
993 2187 1089 2254 fabro
1101 2167 1236 2277 tignaro

161 2312 215 2379 vel
235 2312 357 2402 opifice
377 2312 455 2378 lacti
476 2313 639 2379 humilior
656 2313 697 2379 sit
712 2315 736 2378 ³.
764 2312 945 2397 (Videlicet
973 2312 1116 2378 alterum
1139 2312 1236 2378 illum
1280 2304 1284 2312 ⁴

162 2438 368 2505 imitatorem
398 2448 430 2503 et
462 2438 626 2504 artificem
652 2439 750 2505 Plato
778 2438 877 2504 tacite
907 2447 1067 2526 segregat
1097 2439 1154 2526 qui
1170 2461 1237 2527 per

162 2562 291 2628 litteras
317 2573 348 2628 et
370 2560 518 2652 syllabas
544 2572 596 2645 τὴν
623 2569 719 2630 οὐσίαν
748 2585 862 2628 rerum
897 2561 1013 2640 refert,
1045 2561 1086 2628 de
1111 2561 1235 2650 quoin

163 2687 298 2778 Cratylo
311 2687 322 2730 ⁴
334 2685 437 2753 verba
454 2685 534 2752 lacit
554 2696 586 2751 et
602 2709 702 2774 quem
719 2686 835 2774 legum
851 2686 1017 2753 conditori
1031 2686 1233 2772 assimulat).

204 2814 401 2890 Praeterea,
415 2803 554 2877 sicutrle
571 2811 723 2900 sophista
738 2810 864 2877 dictum
882 2821 946 2889 est,
957 2810 1117 2877 imitatori
1131 2810 1235 2876 simu-

163 2937 299 3004 landum
323 2947 375 3003 est
398 2937 637 3002 universarum
664 2959 780 3002 rerum
805 2959 889 3024 quas
916 2936 987 3002 suis
1014 2935 1236 3001 imitamentis
1327 2947 1328 2951 ’

162 3060 406 3150 complectatur
420 3083 456 3125 sc
472 3082 547 3126 esse
561 3062 719 3148 peritum.
735 3061 980 3148 Imperatorem
994 3059 1049 3124 vel
1067 3058 1235 3125 medicum

163 3196 194 3252 et
207 3186 291 3252 alias
308 3208 472 3273 personas
489 3185 658 3272 effingens
683 3194 715 3250 et
742 3184 921 3273 loquentes
938 3183 1117 3262 inducens,
1140 3205 1237 3271 opor-

163 3310 243 3377 tebit
263 3320 299 3376 ut
316 3310 350 3374 in
368 3310 459 3375 hunc
485 3309 536 3375 vel
559 3309 654 3374 illum
678 3332 713 3375 se
734 3318 856 3388 vertat,
879 3318 911 3374 et
931 3308 1093 3397 populum
1115 3308 1236 3374 saltem

163 3435 246 3502 falsa
269 3435 420 3524 imagine
445 3434 548 3525 hujus
574 3437 627 3501 vel
654 3435 745 3500 illius
769 3434 874 3509 ludat,
892 3456 967 3499 eam
989 3434 1185 3522 opinionem
1206 3433 1236 3499 ei

164 3559 334 3627 afferendo
364 3582 492 3626 senon
523 3568 654 3625 tantum
686 3559 789 3625 verba
818 3569 850 3625 et
875 3557 1040 3624 habitum
1059 3557 1237 3646 utriusque

191 3794 680 3881 wmmmmmmmmt

193 3911 202 3942 ²
220 3911 312 3971 Besp.‚
327 3908 359 3965 X,
373 3907 418 3956 595
432 3907 458 3955 d.

191 4008 202 4040 ³
219 4008 312 4069 Hesp,
332 4006 364 4060 X,
381 4008 425 4054 597
442 4019 465 4054 e.
483 3998 532 4055 τὸν
546 4004 596 4056 τοῦ
609 3997 708 4075 τρίτον
723 3995 780 4074 ἄρα
793 3996 977 4072 γεννήματος
991 3987 1048 4052 ἀπὸ
1060 4003 1114 4068 τῆς
1126 3994 1238 4070 φύσεως

164 4105 291 4180 μιμητὴν
312 4103 429 4174 καλεῖς.

193 4210 202 4243 ⁴
219 4208 358 4272 Cratylus‚
369 4212 413 4258 431
426 4209 451 4258 d.
