2804 4814
662 278 838 343 „gg-

212 437 334 495 natura
353 426 499 516 pulchri,
517 439 645 518 spectet
665 439 698 496 et
720 431 754 498 in
779 431 855 498 luce
872 439 988 520 ponat,
1006 452 1075 497 non
1091 431 1217 499 mirum
1239 442 1291 500 est

211 554 239 620 si
258 553 357 620 facile
373 553 458 620 tales
472 554 641 644 concipiat
656 565 745 622 artes
762 565 795 622 et
814 554 916 621 talem
934 555 1101 620 musicam
1117 555 1290 645 inquibus

210 678 259 745 nil
279 701 418 746 movero
438 678 546 745 multo
567 679 690 746 melius
711 680 754 746 sit
771 680 850 768 quia
875 678 969 772 nullo
993 678 1093 746 modo
1110 681 1144 746 in
1167 681 1290 750 melius

212 803 336 870 mutari
357 803 502 893 possint.
525 804 706 871 Contrahit
730 828 806 872 sese
833 806 966 871 musica
985 806 1097 872 omnis
1120 805 1153 872 in
1180 807 1290 873 scien-

212 926 292 994 tiam
310 951 424 995 rerum
443 939 662 996 aeternarum
682 940 784 1019 atque
805 929 851 995 ita
867 951 935 995 non
952 931 1024 1018 jam
1044 928 1176 996 libidini
1193 931 1291 998 novi-

210 1061 318 1119 tatum
333 1062 366 1120 et
381 1053 595 1143 voluptatum
613 1054 789 1122 mobilitati
807 1054 956 1122 obnoxia
970 1054 1019 1122 lit.

255 1178 326 1245 Noc
354 1188 469 1245 tamen
501 1202 543 1247 ex
571 1202 613 1247 eo
643 1179 733 1268 quod
762 1178 858 1247 Plato
888 1179 929 1245 ad
962 1179 1140 1246 scientiam
1171 1202 1287 1248 rerum

212 1313 428 1370 aeternarum
447 1303 684 1392 progrediens,
698 1305 857 1372 usitatam
870 1304 1039 1371 rationem
1051 1304 1174 1372 artium
1191 1307 1288 1395 quasi

210 1427 396 1518 praeterire
425 1437 459 1494 et
489 1429 689 1517 proculcare
721 1429 755 1495 in
782 1429 985 1518 quibusdam
1020 1429 1104 1497 locis
1138 1429 1287 1510 videtur,
1372 1461 1375 1466 ·

210 1553 333 1643 placita
364 1553 422 1620 illa
451 1553 493 1620 ab
526 1554 721 1621 aestheticis
755 1555 868 1638 aliena
895 1564 986 1622 sunt.
1017 1555 1137 1622 Merito
1166 1578 1289 1645 puram

211 1678 392 1768 quamdam
414 1687 448 1744 et
462 1677 631 1745 rationem
652 1679 776 1745 artium
799 1688 832 1745 et
851 1688 1009 1745 naturam
1026 1679 1157 1768 pulchri
1177 1680 1289 1747 avul-

154 1796 157 1800 ’
210 1803 300 1891 gatis
321 1802 483 1892 sejungit.
506 1803 663 1869 Forsitan
688 1803 779 1870 enim
800 1803 979 1893 pulchrum
997 1826 1120 1892 purum
1141 1804 1289 1894 ideoque

210 1950 290 1996 vere
316 1926 497 2016 pulchrum
519 1925 732 2016 conspiceret
752 1928 780 1994 is
802 1927 857 2016 qui
880 1927 914 1994 in
940 1951 976 1994 se
996 1950 1152 1994 recreare
1172 1939 1289 2018 posset

211 2052 347 2118 mollem
369 2061 402 2118 et
423 2052 594 2118 sincerum
616 2052 782 2131 animum,
804 2062 940 2118 teneros
962 2062 994 2142 et
1014 2052 1167 2119 sinceros
1188 2052 1288 2120 affec-

209 2187 265 2244 tus
281 2186 314 2244 et
330 2199 452 2244 sensus
473 2177 569 2266 pueri
586 2177 639 2243 cui
661 2177 807 2257 colores,
825 2178 898 2244 soni
917 2188 1038 2243 natura
1054 2177 1188 2267 placent
1202 2201 1288 2246 non-

210 2302 276 2369 nisi
297 2303 372 2392 puri
393 2312 426 2368 et
442 2303 580 2391 integri,
597 2287 712 2369 vultus
729 2312 761 2369 et
781 2303 912 2391 species
932 2302 1084 2391 ingenua
1099 2313 1132 2369 ct
1148 2302 1285 2384 festiva,

209 2427 367 2516 atquein
388 2425 605 2493 sermonibus
631 2435 664 2491 et
690 2425 798 2493 modis
820 2432 979 2513 εὐφημίαῑ.
1006 2426 1100 2492 Adeo
1120 2448 1184 2492 nos
1206 2449 1286 2494 con-

209 2551 385 2618 suevimus
409 2573 470 2639 pro
494 2550 637 2639 pulchro
658 2549 814 2639 amplecti
842 2551 986 2617 mixtum
1003 2551 1131 2640 aliquid
1151 2561 1286 2618 contra-

208 2674 338 2742 riorum
364 2675 533 2755 colorum,
554 2697 733 2753 sonorum,
758 2674 940 2741 affectuum
967 2676 1118 2742 vicissim
1144 2699 1285 2743 sensum

210 2801 434 2880 moventium,
456 2810 490 2866 et
507 2799 601 2867 obliti
619 2823 739 2867 sumus
761 2799 890 2866 ordinis
907 2811 940 2866 et
964 2802 1098 2868 numeri
1119 2811 1153 2867 et
1173 2802 1286 2868 conci-

208 2927 344 3017 nentiae
361 2925 486 3015 quibus
503 2925 639 2992 animus
656 2925 807 2992 nondum
822 2924 952 2991 deliciis
969 2925 1156 2993 dissolutus
1173 2949 1286 3017 neque

207 3051 433 3119 deformitatis
450 3049 698 3117 consuetudine
718 3050 891 3117 studiosus
908 3051 1070 3139 pascitur.
1109 3101 1111 3103 -

251 3179 336 3244 Item
367 3177 457 3243 baud
486 3176 658 3244 immerito
679 3176 775 3242 Plato
798 3174 895 3242 nobis
915 3175 1086 3243 videbitur
1101 3176 1226 3243 artium
1253 3188 1287 3245 et

209 3304 359 3369 musicae
381 3302 549 3368 rationem
575 3300 660 3367 velle
683 3300 795 3390 potius
820 3301 996 3366 immotam
1022 3323 1161 3368 manere
1182 3325 1284 3391 quam

120 3411 123 3417 ¹
208 3428 381 3519 perpetuis
398 3425 644 3493 mutationibus
661 3426 764 3505 allici,
779 3426 863 3491 -si
880 3426 1193 3494 animadvertemus
1214 3451 1286 3496 om-

188 3576 286 3620 ‘nem
311 3556 478 3643 cujusque
508 3553 590 3619 artis
618 3552 786 3618 rationem
810 3562 843 3617 et
870 3553 1051 3641 praecipuo
1071 3552 1285 3642 publicarum

209 3679 496 3746 caerimoniarum
512 3687 545 3744 ct
557 3677 765 3744 solemnium
779 3677 825 3758 (in
849 3701 936 3766 quae
953 3678 1088 3766 quidem
1107 3680 1232 3746 artium
1253 3691 1286 3749 et

210 3803 361 3871 musicae
378 3813 577 3892 apparatum
595 3802 691 3868 Plato
705 3805 784 3892 jure
797 3803 994 3890 contrabit),
1015 3813 1051 3870 ut
1072 3804 1285 3893 perlongum

208 3937 344 4018 tempus
376 3927 600 4007 elaboratam,
625 3927 827 4015 antiquitate
854 3927 916 3995 niti
945 3937 977 3995 et
1001 3937 1096 3994 tanto
1129 3929 1205 4018 plus
1243 3930 1285 3997 ad

241 4201 250 4234 ¹
268 4201 420 4266 Leg.‚V11,
437 4205 483 4251 800
496 4215 519 4252 e.
