2804 4814
642 275 816 340 „52-

192 432 348 523 (quando
375 431 511 520 quidem
539 430 633 497 nulla
653 453 707 498 res
727 430 870 520 intelligi
891 439 1002 520 potest
1018 430 1083 497 nisi
1109 441 1270 521 respectu

194 557 374 647 eujusdam
391 556 469 623 finis
491 556 547 644 qui
568 555 696 622 bonurn
714 557 756 623 sit
775 556 828 622 vel
844 555 1026 645 optimum)
1045 559 1272 646 conjunctum

195 683 252 762 sit,
276 681 483 750 illustratum
515 690 566 746 est
595 680 718 747 scitum
748 679 832 747 illud
861 681 895 745 in
928 680 1115 746 aesthetiea
1140 681 1273 770 praeci-

198 829 301 896 puum
319 806 465 873 scilieet:
490 805 669 894 pulchrum
690 815 767 871 ante
788 805 903 871 omnia
928 804 1116 871 humanum
1143 806 1273 895 aliquid

196 955 286 1011 esse,
303 954 366 998 nec
380 931 447 998 alia
461 931 537 1019 lege
563 941 694 997 ceteras
709 950 772 997 eres
790 940 911 1020 postea
935 929 1067 1019 pulchri
1089 931 1275 1021 participes

198 1057 272 1126 fieri
297 1079 336 1123 ac
361 1079 401 1123 ea
426 1054 613 1123 secundum
636 1077 739 1143 quam
761 1058 835 1143 Ζῴῳ
856 1054 1043 1143 sapientiae
1064 1064 1096 1121 et
1116 1055 1273 1122 veritatis

196 1181 311 1271 capaci
330 1181 364 1248 id
390 1179 586 1268 contigerit,
608 1177 788 1268 pulchrum
815 1177 1005 1261 humanum
1030 1177 1159 1266 aliquid
1181 1201 1272 1258 esse,

196 1305 286 1385 dico,
303 1315 336 1373 et
356 1328 396 1372 eo
413 1305 488 1394 ipso
505 1325 681 1392 nunquam
698 1312 874 1369 anaturae
889 1301 1059 1369 humanae
1076 1302 1156 1382 line,
1174 1303 1274 1371 idest

198 1431 342 1497 honesto
367 1439 401 1496 et
424 1427 514 1495 hono
539 1440 572 1494 et
587 1428 743 1506 veritate,
765 1429 972 1516 sejunctum.
989 1426 1109 1492 -His
1130 1448 1273 1515 magno-

197 1578 278 1646 pere
297 1553 522 1633 confirmatio,
539 1553 672 1620 Platoni
687 1553 721 1619 in
742 1552 989 1642 posterioribus
1006 1551 1156 1641 scriptis,
1172 1552 1275 1619 vide-

198 1682 276 1748 lieet
292 1680 326 1746 in
343 1678 528 1767 Legibus¹‚
549 1677 676 1758 licebit,
689 1677 941 1767 quodammodo
957 1677 1119 1756 flectenti,
1133 1686 1168 1744 ut
1183 1676 1276 1744 vide-

199 1815 268 1884 tur,
290 1803 491 1871 sententiam
509 1803 550 1870 ad
563 1802 846 1870 consuetudinem
861 1801 1059 1882 verborum,
1072 1802 1113 1869 de
1127 1801 1275 1891 quadarn

200 1929 463 2020 pulchritudinis
493 1929 606 2018 specie
631 1951 650 1994 a
673 1927 805 2017 justitia
833 1930 988 2017 sejuncta
1013 1927 1118 1994 verba
1147 1927 1276 2007 facere,

203 2065 261 2120 aut
289 2053 577 2144 pulchritudinem
606 2053 709 2118 animi
732 2051 914 2141 quamdam
941 2075 960 2118 a
987 2052 1097 2135 forma
1121 2053 1277 2142 corporis

204 2181 393 2268 sejunctam
425 2177 559 2258 moliri3
591 2199 726 2243 summa
750 2177 927 2244 doctrinae
957 2186 1036 2256 stat,
1057 2186 1094 2243 ut
1118 2199 1280 2243 necessa-

202 2304 291 2370 rium
325 2304 358 2370 in
389 2303 583 2370 aestlreticis
615 2301 783 2368 effatum:
816 2302 995 2392 pulchrum
1025 2311 1060 2368 ut
1084 2301 1277 2368 humanum

204 2428 374 2518 quoddam
397 2427 438 2493 ab
460 2427 604 2494 honesto
629 2437 663 2494 et
681 2426 772 2494 bono
787 2437 821 2494 et
841 2449 924 2495 vero
947 2427 1114 2516 pendere;
1137 2449 1277 2496 omnem

203 2553 491 2644 pulchritudinem
508 2576 586 2623 curu
602 2553 634 2619 vi
648 2553 865 2641 cogitationis
881 2563 914 2619 et
931 2552 1106 2620 intellectu
1119 2551 1160 2618 ab
1173 2554 1277 2621 lntel-

204 2679 294 2746 lectu
316 2679 477 2745 universo
498 2688 530 2744 et
545 2677 730 2766 exemplari
747 2676 806 2743 illo
827 2675 916 2765 quod
939 2676 1104 2765 optimum
1126 2685 1178 2743 est
1192 2700 1279 2766 pro-

206 2803 405 2882 fluentibus,
427 2805 645 2893 conjunctam
669 2824 766 2882 esse;
789 2812 952 2868 externae
972 2800 1103 2867 formae
1121 2823 1275 2869 amorem

205 2929 342 2995 nonnisi
359 2926 616 2995 similitudinem
634 2926 817 3016 quamdam
833 2949 909 2993 esse
929 2949 989 3015 per
1009 2948 1111 3014 quam
1128 2926 1279 3016 effinga-

205 3063 260 3119 tur
272 3053 420 3119 studium
434 3051 652 3142 perquirendi
667 3075 735 3119 non
748 3052 810 3118 sihi
822 3060 967 3131 tanturn,
983 3050 1042 3118 sed
1054 3050 1128 3117 aliis
1141 3074 1279 3141 quoque

207 3187 240 3243 et
254 3178 350 3266 quasi
367 3178 401 3243 in
423 3176 587 3256 medium,
609 3177 809 3266 sapientiam
826 3186 859 3242 et
872 3174 1012 3243 bonum.

239 3463 247 3497 ¹
268 3472 334 3532 ουδὲ
352 3473 409 3549 μὴν
425 3475 483 3551 πρὸ
499 3466 609 3551 ἀρετῆς
623 3469 729 3531 ὁπόταν
744 3464 780 3530 αὖ
792 3468 920 3550 προτιμᾷ
940 3492 984 3541 τις
1003 3467 1131 3542 κάλλος.

921 3576 997 3640 Lag„
1012 3580 1055 3626 727
1069 3576 1094 3625 d.

207 3669 277 3740 τοὺς
305 3668 433 3739 δικαίους
458 3661 630 3746 ἀνθρώπους
651 3665 685 3726 ἂν
710 3664 758 3727 καὶ
781 3662 964 3745 τυγχάνωσιν
989 3665 1072 3737 ὄντες
1100 3661 1216 3745 αἰσχροὶ
1243 3661 1279 3726 τὰ

208 3770 340 3851 σώματα,
355 3769 495 3835 κατάὐτὸ
509 3796 544 3853 γε
561 3776 594 3832 τὸ
608 3771 787 3833 δικαιοτατον
800 3769 871 3847 ἦθος
887 3774 977 3855 ταύτῃ
994 3770 1181 3852 παγκάλους.

921 3879 993 3943 Leg„
1007 3883 1052 3928 859
1064 3879 1091 3929 d.

207 3964 296 4030 πάντ’
313 3968 371 4030 ἐστὶ
387 3965 465 4030 καλὰ
480 3967 532 4029 'dcc
553 3969 736 4045 δικαιοσύνης
756 3971 867 4048 ἔχεται.

920 4075 997 4139 Leg.,
1008 4079 1053 4125 859
1068 4088 1091 4124 e.
