2804 4814
615 277 787 345 ,68-

165 431 318 499 Plalonis
338 430 547 499 doctrinade
567 432 710 523 pulchro
726 434 875 502 notanda
898 445 962 515 est,
979 458 1085 524 quum
1107 437 1238 526 signifi-

166 579 244 624 care
269 558 425 625 videatur
456 557 498 624 ad
525 557 667 625 verbum
696 569 855 627 naturam
886 561 1018 651 pulchri
1049 561 1239 629 humanum

165 683 295 772 aliquid
311 706 399 750 esse.
422 684 569 750 Prorsus
591 683 674 772 baec
694 695 728 751 et
749 685 847 751 talia¹
864 684 955 752 illius
979 686 1122 753 cultoris
1147 694 1257 780 loyor

162 818 243 875 sunt
264 808 320 898 qui
344 816 502 876 exactum
517 808 687 874 sermonis
706 819 739 875 et
754 831 884 890 rerum,
899 809 1082 877 verborum
1101 812 1239 901 etcogi-

161 940 309 1000 latorum
336 954 543 999 consensum
567 931 698 1021 probat.

206 1181 304 1264 Quod
327 1181 447 1248 attinet
471 1181 512 1248 ad
532 1181 666 1249 fabulas
685 1181 849 1271 poeticas,
871 1183 898 1249 si
919 1182 1039 1250 durius
1060 1206 1119 1250 eas
1140 1183 1238 1251 nobis
1270 1254 1273 1258 Α

161 1329 301 1397 carpere
326 1307 474 1388 videtur,
500 1329 605 1396 quum
633 1307 773 1374 eaedem
793 1329 856 1374 nos
877 1318 953 1397 post
973 1309 1080 1375 multa
1100 1309 1239 1376 saecula

161 1432 414 1523 pulchritudine
442 1456 505 1500 sua
533 1433 668 1522 capiant
699 1442 732 1498 et
760 1431 986 1500 admiratione
1011 1432 1164 1501 alliciant
1191 1439 1239 1523 (et

165 1557 301 1647 quidem
319 1557 425 1624 multa
445 1558 478 1623 in
505 1559 655 1624 Homero
679 1557 876 1625 laudanda²
896 1580 973 1624 esse
993 1557 1089 1625 Plato
1114 1557 1241 1625 fatetur

161 1704 369 1770 quamquam
386 1703 454 1749 non
474 1681 618 1770 omnia),
635 1682 779 1773 hujusce
795 1683 843 1748 rei
860 1705 900 1749 ca
915 1683 1003 1749 ratio
1019 1681 1176 1749 habenda
1188 1692 1239 1750 est

164 1806 254 1894 quod
270 1828 328 1872 eas
344 1805 477 1872 labulas
498 1828 559 1895 pro
580 1805 704 1872 fabulis
719 1829 781 1873 nos
798 1807 997 1896 accipimus,
1014 1829 1084 1873 non
1105 1818 1142 1874 ut
1158 1830 1239 1874 vera

58 1992 60 1997 .
163 1913 366 1999 docentibus¹
376 1956 384 2012 ;
403 1931 544 1998 Graecis
563 1941 676 1997 autem
698 1932 851 2021 poeticae
865 1931 943 1998 illae
957 1930 1092 1998 fabulae
1108 1941 1141 1998 et
1156 1932 1242 1998 divi-

161 2079 226 2122 nae
252 2055 450 2144 relligiones
478 2079 495 2122 e
521 2055 644 2144 quibus
674 2057 760 2124 ratio
786 2065 818 2124 et
847 2079 969 2123 norma
988 2057 1077 2123 vitae
1104 2056 1241 2124 ducitur

162 2205 269 2250 unum
301 2192 334 2248 et
365 2179 453 2247 idem
484 2192 593 2248 erant.
624 2183 764 2248 Homeri
793 2205 896 2271 opera
920 2181 1088 2271 imprimis
1116 2204 1247 2249 omnes

163 2307 253 2372 vitae
269 2304 467 2395 disciplinas
492 2305 667 2371 continere
694 2304 900 2394 putabantur
920 2316 953 2370 et
973 2305 1043 2371 lere
1059 2328 1121 2394 pro
1143 2305 1239 2371 libris

163 2432 290 2497 sanctis
317 2430 542 2497 habebantur.
572 2431 679 2497 Porro
710 2441 979 2497 consentaneum
1003 2441 1055 2497 est
1074 2441 1107 2497 et
1127 2432 1240 2498 Plato-

162 2579 240 2623 nem
266 2567 298 2623 et
327 2557 482 2646 quisquis
506 2555 693 2645 penetralia
722 2556 871 2645 purioris
900 2556 942 2622 de
969 2555 1033 2623 deo
1062 2555 1239 2623 doctrinae

162 2682 234 2748 sive
267 2681 301 2747 in
333 2681 441 2748 sacris
475 2681 616 2747 secretis
645 2681 717 2748 sive
747 2683 952 2770 cujusquam
981 2681 1238 2771 philosophicae

163 2806 300 2873 scholae
320 2815 468 2873 sectator
483 2806 661 2894 ingressus
677 2805 792 2884 fuerit,
810 2804 935 2871 obnixe
948 2806 1126 2872 iteravisse
1143 2805 1239 2873 labu-

163 2930 212 2996 las
233 2941 334 3019 atque
354 2930 470 2997 omnia
492 2953 579 3019 quae
599 2940 720 3019 poetae
741 2938 883 2997 narrant
902 2929 1039 3019 saepius
1060 2930 1239 2998 mendacia

144 3079 237 3159 ⁸esse
255 3065 286 3121 et
307 3054 499 3143 perniciosa
520 3054 700 3144 quaedam,
719 3063 752 3120 et
772 3075 912 3120 necesse
933 3076 1022 3133 esse,
1045 3054 1238 3122 incivitate

163 3180 249 3246 bene
271 3188 415 3258 morata,
437 3189 474 3244 ut
489 3178 715 3245 emendentur
731 3187 902 3267 poemata,
919 3188 953 3244 et
972 3187 1141 3270 cogantur
1160 3201 1240 3268 poe-

165 3314 292 3370 matum
314 3311 470 3368 auctores
487 3303 623 3369 nonnisi
645 3325 727 3368 vera
743 3311 776 3368 et
792 3301 882 3368 bona
901 3301 942 3368 de
968 3303 1053 3382 Deo,
1070 3301 1111 3367 de
1128 3305 1239 3393 justu,

162 3427 204 3494 de
220 3427 308 3494 felici
326 3427 452 3493 sentire
468 3439 499 3492 et
518 3425 693 3516 prolerre3
719 3448 824 3515 quum
846 3426 878 3491 hi
901 3448 1057 3515 provere
1079 3425 1240 3514 sapienti-

163 3552 226 3618 bus
248 3552 407 3642 apopulo
427 3561 499 3617 tum
520 3562 722 3640 putarentur
742 3561 775 3618 et
796 3573 904 3641 paene
920 3574 963 3618 ex
978 3552 1019 3617 iis
1035 3560 1165 3618 tantum
1183 3549 1238 3617 vel

193 3791 200 3823 ¹
216 3790 281 3840 Vide
295 3792 376 3840 etiam
388 3803 470 3854 quam
485 3791 538 3838 vim
555 3790 674 3841 habeant
687 3791 721 3841 ad
733 3792 854 3857 aliquam
868 3794 1030 3843 sententiam
1042 3791 1237 3844 illustrandam

161 3888 246 3938 verba
263 3890 444 3938 consonantia
459 3889 539 3937 siculi
561 3899 576 3932 u
597 3876 709 3954 παιδιὰ,
725 3882 841 3943 παιδεία
864 3901 879 3937 u
899 3890 937 3954 (in
958 3888 1088 3952 Legibus)
1108 3891 1135 3939 et
1153 3891 1193 3939 tot
1210 3893 1238 3941 in

161 3995 278 4059 dialogis
294 3996 434 4046 nominum
451 3998 693 4061 interpretationes
709 3997 860 4062 aliquando
871 3999 954 4049 altius
969 3999 1074 4062 petitae
1093 4009 1109 4043 «
1132 3988 1237 4066 νόμος,
1273 3980 1276 3984 ’

160 4104 228 4168 νοῦς
251 4115 267 4149 »
296 4092 464 4170 «ἀειδὲς»
494 4116 508 4153 u
530 4093 629 4179 ᾍδης
652 4118 682 4159 )).

190 4204 200 4237 ²
219 4204 310 4267 Resp,
325 4204 359 4267 11,
374 4207 420 4252 toa
437 4204 462 4252 d.
