2804 4814
671 293 847 357 ..40-

223 454 433 528 versentur),
466 445 525 512 sed
557 447 653 535 quasi
693 444 845 511 fabulam
886 446 957 510 vcri
993 444 1179 524 similem¹‚
1216 466 1296 512 vero

222 573 426 662 proximam,
448 593 515 637 non
540 570 659 636 inutile
681 592 767 658 opus
792 579 825 636 et
848 569 989 659 insuper
1009 591 1126 636 secum
1150 568 1297 635 afferens

222 697 429 785 voluptatem
459 695 711 779 ἀμεταμέλητενῖ
730 693 799 760 ludi
820 694 992 760 concinni.
1018 695 1057 759 ln
1079 694 1142 760 lioc
1161 693 1298 782 dialogo

223 821 279 904 qui
296 819 460 887 mundum
477 818 576 885 nobis
591 817 835 904 demonstrate
855 819 931 907 lege
947 819 1161 886 necessitatis
1177 829 1211 885 et
1222 819 1299 907 lege

223 944 340 1033 optimi
367 944 439 1010 sive
468 943 640 1010 intellectu
673 954 882 1022 constare,e
907 943 1049 1009 materia
1070 952 1102 1010 et
1126 943 1257 1022 animo,
1281 965 1298 1009 e

223 1069 336 1136 causis
366 1067 631 1158 adjuvantibus³
659 1068 731 1134 sivo
756 1068 920 1134 ministris
947 1078 980 1134 et
1006 1090 1024 1134 e
1052 1068 1120 1134 linc
1149 1067 1297 1156 quodam

133 1269 136 1274 ,
222 1193 396 1282 proposito
413 1192 484 1259 sive
503 1191 703 1281 exemplari,
719 1215 737 1258 e
759 1193 912 1259 terrestri
935 1202 968 1258 ct
987 1191 1152 1272 divino‚e
1175 1191 1298 1282 sempi-

222 1328 320 1385 terno
336 1327 570 1405 θιεγενεμένῳ,
591 1325 653 1382 ete
668 1339 857 1405 congressu
874 1328 1098 1406 utrorumque
1109 1318 1135 1396 ⁴,
1151 1356 1195 1367 -
1215 1327 1249 1385 ct
1264 1317 1298 1383 in

224 1467 291 1534 quo
310 1443 458 1509 vicissim
476 1442 554 1509 illae
574 1452 718 1508 naturae
738 1465 793 1508 res
814 1465 901 1530 quae
916 1441 956 1508 ad
974 1465 1096 1508 sensus
1116 1451 1149 1508 et
1167 1443 1298 1531 opinio-

224 1591 300 1634 nem
320 1567 503 1656 pertinent,
517 1576 549 1633 et
566 1565 766 1632 verisimilia
781 1565 839 1631 illa
855 1588 942 1654 quae
959 1550 1082 1655 conjici
1099 1576 1245 1655 possunt
1256 1589 1300 1632 ex

224 1716 264 1760 eo
293 1691 484 1781 quodcum
511 1691 654 1758 consilio
683 1690 832 1757 auctoris
858 1689 898 1756 ad
925 1691 1091 1779 optimum
1113 1690 1299 1780 spectantis

223 1826 428 1904 congruant,
455 1814 730 1894 considerantur,
753 1855 795 1864 —
828 1815 1014 1881 miscentur
1043 1825 1076 1880 et
1105 1814 1194 1882 alius
1229 1815 1296 1882 alio

223 1941 400 2008 variantur
418 1938 518 2005 modo
532 1960 750 2028 progressus
768 1937 869 2004 modo
886 1938 1072 2005 descensus
1085 1937 1297 2006 dialecticus.

225 2065 313 2132 Hinc
329 2064 421 2130 enim
436 2063 525 2152 quod
543 2063 582 2129 ad
600 2086 722 2130 sensus
737 2063 884 2152 pertinet
898 2062 1054 2129 nonnihil
1067 2085 1144 2129 esse
1160 2073 1301 2153 putatur

223 2190 281 2257 sed
303 2212 343 2256 eo
359 2197 539 2255 revocatur
556 2198 591 2254 ut
611 2210 630 2253 a
645 2187 836 2276 geometria
852 2186 997 2276 quadam
1013 2185 1172 2265 ducatur,
1188 2186 1299 2266 illinc,

224 2315 294 2403 (vel
311 2315 337 2380 si
356 2314 493 2381 omittas
515 2336 616 2403 saepe
634 2311 809 2379 obversari
830 2311 957 2400 legenti
978 2311 1145 2400 optimum
1165 2309 1301 2377 illudet

223 2440 404 2531 pulclirum
428 2462 488 2530 per
503 2462 539 2506 se
563 2438 601 2505 ad
624 2461 771 2527 quorum
793 2437 979 2526 imaginem
1003 2436 1164 2503 universa
1184 2444 1302 2502 creata

227 2564 295 2630 sint
310 2574 343 2630 et
354 2564 388 2629 in
401 2563 524 2652 quibus
539 2572 605 2629 stet
618 2563 753 2629 culmen
765 2561 931 2628 dialectici
944 2563 1176 2650 progressus),
1189 2560 1299 2640 illinc,

224 2687 314 2768 dico,
332 2688 472 2754 humani
489 2687 593 2753 animi
608 2710 649 2754 eo
669 2696 874 2754 revocantur
891 2695 926 2753 ut
938 2708 1046 2775 paene
1061 2684 1149 2751 idem
1170 2706 1210 2751 ac
1227 2685 1301 2750 ani-

225 2837 301 2880 mus
320 2815 502 2880 universus
519 2813 587 2879 sint
603 2824 636 2878 et
653 2822 702 2892 ut,
716 2818 831 2901 (quum
854 2810 938 2876 nihil
958 2808 1048 2876 aliud
1070 2830 1171 2897 quam
1194 2809 1301 2875 animi

224 2939 375 3006 universi
392 2939 487 3027 ipsae
499 2937 593 3026 loges
609 2947 642 3003 et
657 2936 872 3018 ratiocinatio
886 2937 959 3025 ipsa
977 2933 1124 3000 ambitus
1146 2932 1301 2999 siderum

225 3064 321 3151 sint),
343 3064 516 3129 humanus
537 3061 672 3127 animus
695 3084 831 3150 quoquc
852 3082 913 3149 pro
933 3059 1009 3147 lege
1025 3067 1058 3125 et
1070 3056 1245 3147 proposito
1266 3056 1300 3123 id

223 3189 349 3255 habere
364 3188 485 3255 debeat
505 3188 589 3254 caeli
604 3187 760 3254 ordinem
780 3185 962 3276 praecipue
979 3182 1104 3250 imitari
1116 3191 1148 3249 et
1163 3204 1303 3272 reprae-

224 3325 360 3381 sentare
382 3336 422 3380 aa
447 3324 559 3380 mento
579 3323 616 3379 ut
636 3321 729 3378 racto
756 3319 851 3377 motu
878 3309 936 3376 illo
957 3318 990 3376 et
1018 3317 1157 3375 aeterno
1182 3316 1302 3396 utpote

225 3437 370 3527 alicujus
384 3437 433 3503 rei
452 3460 487 3503 se
504 3437 611 3526 ipsam
629 3437 664 3502 in
685 3459 720 3502 se
736 3435 810 3525 ipsa
826 3433 1057 3500 convertentis
1073 3431 1302 3500 excludantur

222 3561 503 3631 labefactationes
529 3585 549 3628 a
574 3583 716 3651 corpore
737 3559 808 3626 sive
832 3581 851 3624 a
870 3557 973 3626 rebus
995 3556 1146 3625 externis
1172 3566 1295 3638 natae;

224 3711 325 3778 porro
340 3687 418 3754 inde
430 3689 463 3753 in
476 3681 684 3753 caelestibus
700 3682 848 3752 motibus
862 3683 1013 3771 logicum
1028 3681 1111 3749 illud
1129 3707 1145 3745 «
1157 3694 1175 3765 ἡ
1189 3687 1299 3750 ταύτοῦ

255 3912 264 3946 ¹
282 3915 332 3974 ri,
345 3916 375 3961 aa
390 3911 416 3960 a.

254 4012 265 4045 ²
281 4013 331 4073 rt,
348 4010 414 4060 acu.

256 4096 267 4129 ³
285 4098 425 4174 ξυναίτια.
446 4107 501 4169 rt,
512 4110 543 4155 46
557 4119 580 4156 c.

256 4208 266 4242 ⁴
283 4209 335 4270 Ti.,
349 4211 379 4256 ts
394 4221 419 4258 a.
