2804 4814
613 285 789 351 ..58-

161 436 263 524 (quae
275 436 391 525 paucis
402 435 536 525 legibus
546 440 841 527 continenturlvel
854 441 906 507 vis
917 443 1103 532 quaprimo
1117 445 1241 534 impul-

161 544 204 625 sa
215 560 335 627 civitas
358 570 515 628 movetur
534 572 567 629 et
589 564 686 643 vivit,
711 574 744 630 et
767 564 947 654 disciplina
972 589 1085 634 mores
1111 571 1239 636 civium

161 685 364 752 informans.
389 688 552 755 Politicus
574 689 687 778 potius
709 691 863 779 magistri
884 691 939 757 vel
962 693 1064 759 etiam
1090 695 1239 762 medici1

162 821 276 901 partes
302 820 394 878 tenet
417 836 518 901 quam
546 814 795 914 legumlatoris.
823 815 967 883 Civitatc
995 826 1029 884 et
1056 817 1240 909 disciplina

160 947 252 1003 recte
273 937 451 1017 institutis,
469 939 607 1028 singula
627 963 783 1029 quaeque
800 942 834 1008 in
851 941 921 1007 vita
940 942 1128 1029 gerendae
1151 943 1242 1011 bona

162 1066 331 1153 cujusque
344 1063 429 1130 civis
442 1064 555 1131 indole
567 1075 599 1131 et
613 1065 778 1133 institutis
795 1066 995 1134 manabunt.
1012 1068 1050 1134 In
1064 1068 1243 1137 Platonica

162 1188 337 1278 republica
357 1189 421 1256 hoc
441 1212 523 1256 sane
548 1214 609 1280 pro
629 1191 785 1258 libertate
802 1201 854 1258 est
878 1215 945 1259 non
967 1193 1084 1260 multis
1106 1194 1242 1283 legibus

95 1373 97 1378 .
162 1314 254 1380 cives
265 1315 447 1394 contineri,
464 1316 576 1404 potius
590 1315 742 1383 moribus
755 1327 789 1384 et
801 1316 994 1407 disciplina,
1008 1318 1039 1384 id
1055 1330 1107 1386 est
1120 1320 1241 1386 volun-

162 1415 238 1504 tate
255 1438 341 1504 bene
362 1438 542 1520 instructa,
565 1464 665 1529 quam
690 1442 823 1529 legibus
845 1441 885 1507 ad
907 1465 1090 1510 commune
1110 1443 1239 1512 bonum

163 1563 297 1629 adduci

207 1687 364 1757 Secundo
379 1699 531 1778 aspectu,
548 1689 729 1756 illecebrae
745 1691 869 1756 artium
884 1715 924 1758 ex
939 1691 1091 1758 Platonis
1105 1693 1242 1760 senten-

161 1816 208 1881 tia
232 1838 309 1881 cum
331 1825 468 1904 sumptu
489 1816 622 1904 privato
646 1816 700 1883 vel
724 1816 860 1906 publico
886 1840 1011 1905 magno
1034 1822 1241 1909 conjunctae

155 1951 256 2012 sunt,
279 1940 328 2005 Ad
355 1940 515 2007 fruendas
539 1964 596 2007 eas
620 1941 746 2007 divitiis
774 1964 860 2031 opus
884 1953 956 2022 est3
989 1965 1076 2031 quate
1103 1944 1240 2010 nonnisi

163 2065 357 2132 abradendo
375 2088 418 2131 ex
434 2064 559 2145 alieno,
578 2065 665 2132 bella
681 2065 846 2153 gerend0,
865 2065 943 2132 fana
960 2066 1157 2155 spoliando²
1177 2091 1240 2157 pa-

162 2200 293 2257 rantur.
312 2190 391 2257 Ideo
410 2213 488 2256 cnm
504 2190 689 2257 luxurianti
708 2200 740 2257 et
756 2191 892 2279 turgida
909 2192 1058 2271 civitate,
1078 2215 1147 2259 non
1162 2215 1238 2259 cum

164 2342 246 2386 sana
271 2329 303 2384 et
327 2319 400 2385 suis
428 2317 552 2385 finibus
582 2328 742 2384 contenta
771 2328 987 2407 congruunt;
1013 2320 1047 2384 in
1076 2343 1143 2407 qua
1173 2343 1240 2387 non

164 2445 272 2533 magis
300 2444 396 2510 locus
425 2453 474 2510 est
501 2445 700 2533 pictoribus⁹
722 2444 843 2532 poetis,
870 2443 1108 2510 saltatoribus³
1138 2467 1238 2534 quam

163 2570 281 2658 coquis
299 2580 332 2636 et
353 2569 504 2635 medicis.
524 2567 709 2658 Opilioibus
727 2569 947 2657 supellectilis
969 2580 1001 2635 et
1022 2569 1239 2637 muliebrium

164 2705 361 2774 ornatuum,
377 2694 608 2773 cinillonibuS‚
631 2695 766 2772 scortis,
786 2706 903 2783 poetas
925 2704 957 2760 et
973 2693 1122 2760 artifices
1139 2719 1238 2762 exae-

164 2842 269 2908 quare
307 2820 403 2886 Plato
423 2820 571 2898 videtur,
593 2819 745 2885 obsoniis
765 2830 798 2884 et
823 2820 1009 2907 ungnentis
1034 2819 1177 2886 tabellas
1210 2830 1241 2887 et

164 2955 333 3034 poemata.
363 2944 494 3011 Etenim
533 2967 672 3033 parvam
708 2945 879 3012 civitatem
915 2944 1016 3009 certis
1054 2944 1179 3011 linibus
1208 2955 1241 3011 et

165 3093 308 3137 numero
325 3070 449 3135 civium
468 3069 684 3135 terminatam
700 3069 814 3134 animo
828 3068 970 3156 percipit
983 3089 1045 3133 nec
1061 3077 1129 3132 tam
1144 3067 1241 3134 dissi·
1290 3065 1291 3071 '

166 3195 279 3261 milem
299 3218 418 3260 revera
439 3194 658 3260 existentium
684 3193 860 3259 civitatum
881 3192 915 3257 in
937 3190 1073 3280 quibus,
1101 3202 1138 3257 ut
1160 3193 1241 3257 vidi-

167 3344 255 3400 muS,
274 3321 520 3410 prol'essorium
546 3342 671 3386 munus
698 3319 927 3407 sophistarum
948 3317 1166 3407 judicabatur
1184 3319 1241 3384 ali-

166 3599 232 3661 'o'nct
251 3601 284 3660 ἅν
304 3623 347 3672 τις
368 3602 483 3681 ὁρμήσῃ
501 3607 619 3659 τοιαῦτα
644 3597 692 3658 καὶ
715 3593 750 3658 τὰ
771 3597 900 3673 ἑπὸμενα
924 3591 1011 3670 εἶναι,
1028 3599 1046 3674 ἢ
1069 3595 1122 3656 οὐκ
1143 3594 1241 3659 ἀεὶτὸ

166 3706 264 3784 ὅμοιον
280 3704 309 3767 ὃν
324 3705 422 3783 ὅμοιον
436 3707 618 3786 παρακαλεῖ.
640 3717 733 3778 Resp.‚
747 3715 789 3775 lv,
803 3718 848 3763 lta
860 3713 887 3762 b.

197 3815 206 3848 1
225 3815 294 3875 Pol,
308 3819 354 3864 aec
364 3814 390 3870 b,
404 3817 448 3862 293
462 3812 489 3863 b.

197 3909 353 3981 τέμνσντες
367 3908 383 3981 ἢ
401 3905 534 3974 καίοντες
553 3907 571 3978 ἤ
590 3897 747 3978 τιν’ἄλλην
769 3897 920 3980 ἀλγηδόνα
939 3899 1172 3979 προσάπτοντες.

196 4015 207 4048 '²
226 4013 410 4063 Recordemur
425 4010 526 4075 quibus
544 4010 677 4071 ejusmodi
702 4008 869 4060 facinoribus
887 4009 1032 4071 Dionysius
1049 4010 1123 4071 prior
1136 4023 1202 4072 opes
1217 4013 1243 4059 ct

167 4113 312 4176 pecuniam
326 4110 377 4160 sibi
390 4109 579 4175 comparabat,
593 4111 623 4158 ut
636 4122 687 4158 sua
699 4109 822 4172 potentia
837 4108 930 4156 staret.

198 4210 208 4244 ³
226 4211 317 4274 Resp.‚
330 4211 364 4272 ΙΙ,
376 4212 447 4259 3738
462 4212 488 4259 et
502 4222 559 4272 seq.
