2804 4814
610 302 786 368 „82-

161 453 281 520 turbae
298 453 433 532 similis,
450 452 509 519 sed
530 454 675 544 simplex
691 467 724 522 et
739 463 842 535 unus,
861 479 965 545 quum
984 457 1047 524 hoc
1066 457 1237 546 significet

161 601 230 645 nou
246 578 345 645 modo
362 577 474 662 (sicuti
493 578 527 643 in
544 579 742 671 Republica)
757 581 880 660 civem,
895 580 929 646 id
945 591 996 647 est
1010 604 1092 648 vere
1107 582 1235 661 virum,

163 714 270 771 totum
289 702 412 768 debere
425 726 500 768 esse
517 703 549 769 in
565 727 707 770 munere
727 704 817 771 civili
834 708 1005 791 (exsensu
1023 728 1131 794 paene
1145 728 1237 772 com-

162 828 312 894 muniter
337 826 395 893 illa
424 837 533 893 aetate
556 829 698 916 vigenti)
723 829 755 894 in
782 828 940 895 eumdem
970 828 1110 896 modum
1134 853 1174 896 ac
1203 830 1236 895 in

161 955 298 1022 civitate
312 955 440 1034 omnia,
456 954 566 1042 legeS,
581 965 685 1034 arteS,
700 955 843 1034 musica,
859 954 971 1020 cultus
986 955 1020 1021 in
1037 977 1142 1021 unum
1158 978 1238 1022 con-

161 1080 314 1159 veniant,
336 1077 394 1145 sed
416 1078 518 1145 etiam
533 1078 625 1146 hunc
638 1082 713 1170 ejus
731 1079 835 1146 animi
852 1088 976 1146 statum
994 1079 1166 1168 significet
1181 1081 1237 1169 qui

162 1204 281 1272 eadem
298 1215 389 1272 amet
409 1215 441 1271 et
452 1204 570 1272 laudet
589 1227 652 1271 uec
669 1227 785 1272 secum
801 1204 933 1271 discors
950 1204 1004 1271 sit.

165 1403 168 1408 ,
208 1330 274 1400 Sed
290 1330 355 1397 hoc
379 1353 462 1396 sane
479 1330 586 1397 multo
603 1330 714 1418 magis
740 1328 923 1396 mirificum
944 1328 1142 1396 hominibus
1159 1351 1238 1396 nos-

157 1465 234 1529 trae
251 1455 371 1521 aetatis
393 1453 562 1521 videbitur
588 1453 678 1542 quod
703 1454 799 1521 Plato
812 1454 979 1520 rationem
997 1454 1149 1521 musicae
1166 1476 1239 1520 rec-

162 1561 263 1647 tacet
284 1580 406 1646 artium
422 1579 509 1646 bene
525 1587 789 1668 temperatarum
807 1601 907 1668 posse
921 1589 953 1645 et
973 1577 1097 1645 debere
1117 1579 1238 1646 immo-

163 1718 229 1771 tam
249 1714 339 1770 stare
364 1705 549 1783 censuerit,
571 1713 606 1770 ut
628 1727 668 1770 eo
684 1704 757 1793 ipso
778 1703 971 1794 respublica
985 1713 1017 1770 et
1036 1704 1131 1791 leges
1148 1726 1238 1792 quo-

164 1854 229 1919 que
246 1854 264 1896 a
280 1831 471 1897 novitatum
493 1829 605 1897 studio
626 1829 864 1897 defenduntur.
902 1831 984 1929 Nam
1005 1839 1125 1896 nostra
1145 1841 1239 1897 aetas

163 1965 236 2023 tum
252 1955 293 2021 de
315 1956 446 2047 musica
466 1966 499 2022 et
520 1955 649 2022 artibus
667 1956 700 2021 in
722 1955 785 2021 hac
806 1954 976 2021 sententia
990 1963 1067 2020 est:
1091 1976 1149 2019 eas
1170 1976 1239 2020 non

165 2081 281 2146 vivere
299 2090 331 2146 et
351 2081 468 2168 vigere
489 2103 588 2169 posse
609 2081 673 2146 nisi
695 2091 858 2169 perpetuo
886 2088 1107 2152 renoventur,
1125 2078 1195 2145 imo
1222 2100 1240 2144 c

166 2205 278 2272 studio
292 2205 481 2272 novitatum
496 2228 598 2272 omne
620 2228 737 2271 earum
755 2206 1004 2271 incrementum
1022 2201 1240 2293 pendere,—

165 2340 237 2397 tum
258 2353 335 2397 raro
351 2329 461 2396 eidem
477 2330 587 2420 placet
600 2339 668 2395 tam
683 2330 872 2418 perfectum
886 2328 1094 2418 reipublicae
1112 2338 1238 2394 statum

167 2478 233 2544 quo
255 2477 323 2520 non
345 2455 465 2521 melior
485 2455 617 2543 concipi
644 2464 745 2543 queat
767 2454 913 2521 inveniri
929 2476 1042 2543 posse,
1066 2452 1112 2518 ita
1137 2462 1174 2518 ut
1200 2474 1240 2518 ea

165 2580 278 2670 potius
304 2579 501 2646 mobilitatis
526 2579 705 2669 cujusdam
722 2589 755 2645 et
779 2578 1009 2667 indagationis
1033 2576 1185 2643 melioris
1202 2598 1241 2642 ac

166 2703 317 2771 melioris
336 2727 436 2793 quam
453 2705 613 2794 perennis
625 2704 781 2771 stationis
795 2703 922 2769 fautrix
938 2703 993 2769 sit.
1010 2701 1075 2770 Sed
1089 2701 1117 2768 si
1134 2711 1241 2768 atten-

166 2829 278 2895 dimus
306 2829 345 2896 ad
370 2852 456 2909 rem,
473 2829 648 2896 latendum
676 2839 727 2895 est
753 2829 880 2895 nonin
910 2829 1075 2895 minorem
1096 2825 1241 2892 dillicul-

166 2963 268 3020 tatem
286 2955 462 3021 incurrere
483 2954 687 3021 sententiam
712 2953 944 3021 recentiorum
959 2951 1014 3040 qui
1041 2972 1109 3016 una
1134 2949 1249 3016 conti-i

167 3102 272 3146 nuum
294 3080 418 3145 artium
439 3089 471 3145 et
487 3079 714 3146 humanarum
732 3101 847 3145 rerum
861 3097 1081 3168 progressum
1099 3073 1141 3140 ad
1157 3074 1243 3164 opti-

169 3226 260 3268 mum
277 3203 349 3268 lieri
362 3213 502 3293 ponant,
516 3213 548 3270 et
561 3204 632 3270 lore
646 3215 681 3270 ut
692 3203 858 3270 terminus
870 3202 925 3267 liic
937 3199 1131 3289 (optimum)
1144 3220 1162 3263 e
1175 3220 1243 3286 quo

168 3329 279 3394 omnis
300 3351 504 3417 progressus
519 3329 665 3418 pendeat
683 3350 832 3416 unquam
850 3336 1022 3415 postremo
1037 3324 1072 3389 in
1088 3333 1243 3412 tempore

168 3463 359 3542 praestetur
380 3448 520 3542 negent,
541 3495 580 3504 -
601 3477 704 3543 quam
725 3453 945 3540 antiquorum
975 3448 1180 3516 sententiam
1202 3470 1245 3513 ex

170 3602 234 3667 qua
256 3578 287 3644 id
310 3579 499 3667 periculum
520 3589 652 3646 tantum
671 3578 714 3644 sit
728 3600 771 3643 ne
785 3577 843 3642 siat
861 3599 903 3642 ex
919 3575 1046 3664 optimo
1062 3573 1120 3639 illo
1137 3580 1243 3651 statu,

170 3726 270 3792 quem
286 3703 424 3792 adipisci
446 3715 523 3793 pote
542 3705 597 3784 sit,
617 3703 816 3769 descensus.

213 3830 319 3894 Porro
343 3829 384 3895 ad
404 3829 557 3896 Platonis
582 3828 785 3895 seutentiam
811 3826 839 3892 si
860 3826 1053 3908 redeamus,
1077 3822 1247 3912 intellige-

170 3976 245 4020 mus
275 3976 350 4019 eam
375 3963 446 4020 tum
468 3955 600 4043 reliqua
620 3957 694 4044 ejus
719 3951 873 4019 doctrina
898 3949 1041 4029 firmari,
1068 3957 1138 4014 tum
1164 3971 1245 4016 con-

170 4087 367 4145 sentaneam
390 4100 465 4145 esse
485 4101 563 4145 cum
578 4087 779 4169 tempestate
797 4075 854 4142 illa
867 4076 981 4165 inqua
995 4074 1092 4141 Plato
1107 4073 1244 4154 vixerit,

169 4202 374 4278 tumeliam,
397 4203 483 4269 sicut
503 4203 587 4269 alias
608 4202 699 4269 illius
719 4200 906 4269 sententias
920 4222 1023 4288 supra
1036 4197 1242 4287 exploratas,
