2804 4814
611 267 785 329 -ῃ-

160 425 336 503 queretur,
353 438 456 504 quum
482 415 650 504 quoddam
670 416 770 482 civile
796 416 1061 482 instrumentum
1078 426 1111 482 et
1136 425 1234 483 orna-

160 549 312 606 mentum
336 540 404 606 sint.
417 549 450 607 et
466 539 614 628 quodam
640 541 731 607 civili
755 563 927 608 consensu
948 539 1155 621 fundentur3
1172 564 1236 608 nec

160 686 255 730 more
282 664 408 730 artium
437 664 572 733 illarum
599 688 687 753 quae
715 687 800 732 voce
825 674 857 731 et
887 663 1000 730 verbis
1024 665 1234 746 volantibus,

159 789 213 855 vel
235 788 383 855 motibus
400 799 570 869 constent,
588 790 654 856 huo
671 789 751 856 illuc
768 790 853 855 verti
869 798 1010 877 possent
1030 811 1092 855 nec
1108 789 1235 856 inlleoti

160 923 279 981 contra
290 913 398 980 bonos
412 936 536 982 mores.
554 955 597 964 —
611 914 705 981 Adde
717 913 807 1002 quod
819 936 862 980 ex
882 914 1053 981 sententia
1066 914 1234 994 Platonis,

162 1047 198 1105 ut
218 1037 367 1117 videtur,
386 1039 508 1105 ceteris
531 1038 660 1104 artibus
685 1060 798 1105 sermo
820 1047 852 1104 et
872 1038 1004 1104 musica
1019 1037 1126 1105 multo
1144 1049 1236 1105 ante·

160 1163 288 1230 cellunt
307 1173 344 1230 ul
362 1163 478 1231 vivida
495 1164 662 1252 quaedam
685 1164 737 1231 vis
758 1187 845 1252 quae
862 1164 1094 1252 cogitationis
1112 1165 1232 1244 animi,

161 1288 314 1377 corporis
336 1297 448 1356 motus
469 1288 679 1366 moderetur,
697 1313 760 1356 nec
777 1312 859 1356 saxa
882 1299 915 1355 et
936 1288 1066 1377 lignum
1084 1290 1236 1378 compin-

161 1423 232 1501 gat,
250 1435 371 1479 verum
392 1413 489 1480 vivos
511 1413 680 1480 homines.
704 1414 940 1480 Praestantius
963 1423 1014 1480 est
1035 1413 1065 1479 id
1085 1413 1175 1502 quod
1196 1413 1237 1480 ad

163 1538 297 1604 animos
311 1547 403 1604 recta
420 1539 579 1628 pertinet,
601 1561 664 1605 nec
684 1547 815 1605 tantum
832 1548 911 1617 stat,
927 1538 986 1605 sed
1003 1560 1098 1604 more
1118 1539 1236 1604 viven-

162 1663 247 1728 tium
265 1672 394 1729 motum
418 1663 530 1730 babet..
553 1664 771 1730 —Platonis
798 1672 851 1729 est
874 1663 937 1730 boc
960 1662 1141 1752 pulchrum
1162 1685 1237 1728 ver-

161 1787 269 1856 bum:
297 1788 518 1855 «simulacra
547 1788 689 1854 deorum
721 1788 918 1876 gratissima
940 1797 973 1854 et
1000 1788 1238 1877 potentissima

164 1935 251 2000 quae
277 1911 369 1978 domi
405 1913 581 2002 possidere
611 1913 817 2002 possimus¹‚
840 1935 915 1979 esso
945 1922 1091 2002 patrem,
1123 1935 1239 1992 avum,

165 2047 307 2104 matrem
326 2047 502 2104 senectute
513 2037 658 2116 solutos,
668 2060 753 2125 quos
768 2036 824 2102 ubi
837 2037 913 2125 quis
924 2036 1113 2104 honoribus
1127 2047 1238 2112 ornat,

165 2163 291 2252 gaudet
311 2162 395 2229 deus
418 2190 448 2233 a.
467 2163 597 2231 Contra
618 2171 707 2230 artes
724 2163 784 2228 bas
801 2185 888 2250 quae
911 2163 1026 2251 regiae
1041 2163 1103 2229 arti
1120 2163 1241 2229 morali

165 2287 219 2353 vel
243 2287 401 2375 politicae
431 2309 467 2352 sc
496 2286 653 2353 inserunt
685 2296 716 2353 et
746 2286 1001 2354 adorationem
1029 2296 1061 2353 et
1088 2286 1240 2354 officium

166 2410 288 2500 agendi
307 2421 339 2477 ot
360 2420 472 2477 motus
489 2421 581 2477 recta
601 2411 785 2500 pertinent,
810 2434 913 2501 opera
938 2411 1073 2477 illarum
1096 2411 1240 2477 aliarum

167 2557 254 2624 quae
275 2533 410 2622 quidem
425 2533 522 2600 Plato
537 2556 613 2599 cum
632 2544 775 2600 naturae
792 2533 916 2600 fetibus
933 2535 967 2600 in
984 2533 1241 2622 unumredigib

168 2657 294 2747 aliquid
307 2658 438 2724 immoti
455 2667 488 2724 et
507 2659 591 2724 muti
607 2658 734 2725 habent
745 2668 778 2724 et
795 2682 854 2748 pro
876 2658 1022 2748 quodam
1039 2659 1117 2743 loco,
1131 2669 1164 2725 et
1175 2659 1243 2726 situ

169 2792 261 2862 sunt,
286 2781 410 2848 salubri
432 2781 567 2870 quidem
590 2783 616 2848 si
640 2782 782 2872 pulchra
801 2783 881 2862 sint,
899 2783 988 2849 intra
1013 2805 1113 2871 quem
1138 2782 1242 2849 animi

170 2907 341 2974 aluntur2.

215 3131 263 3196 De
279 3129 332 3195 bis
349 3129 478 3196 artibus
498 3130 544 3195 ita
560 3129 711 3217 loquitur
726 3131 823 3198 Plato
844 3140 881 3197 ut
897 3132 923 3197 si
945 3131 979 3197 in
1001 3132 1041 3197 iis
1062 3131 1148 3197 ratio
1164 3131 1246 3196 imi-

171 3254 262 3321 tandi
294 3254 379 3320 levis
407 3255 571 3322 momenti
602 3254 701 3321 foret.
724 3256 823 3322 Ratio
853 3256 923 3322 lere
950 3266 1021 3322 tota
1049 3254 1246 3345 hujusmodi

171 3401 312 3468 operum
337 3402 379 3444 ex
403 3378 467 3444 hoc
487 3377 622 3444 videtur
641 3388 799 3445 constare
821 3379 910 3469 quod
935 3390 1030 3446 tanto
1052 3379 1248 3470 pulchriora

173 3513 205 3570 et
221 3503 443 3569 concinniora
455 3503 539 3569 dant
552 3514 680 3592 quanto
692 3509 864 3572 saniorem
879 3507 1030 3572 animum
1040 3504 1247 3594 exprimant,

174 3638 209 3695 ut
227 3628 260 3694 in
277 3614 364 3714 bene
382 3638 513 3696 morata
529 3629 667 3695 civitate
692 3639 772 3695 nata
789 3640 822 3697 et
838 3630 879 3696 ab
902 3631 1050 3718 ingeniis
1071 3641 1104 3696 et
1126 3631 1249 3697 animis

131 3802 138 3812 ,
172 3751 373 3820 liberalibus
388 3762 420 3819 et.
441 3752 625 3819 moderatis
641 3754 827 3843 prolecta3.
846 3757 919 3822 Hoc
940 3755 1014 3844 ipso
1029 3755 1125 3821 Plato
1142 3755 1251 3821 inten-

157 3949 159 3953 ’
206 3985 463 4049 ¹ceg.,xr‚oara.

205 4085 217 4118 ²
236 4084 328 4146 Resp,
343 4085 391 4146 ΙΙΙ,
407 4087 451 4133 401
465 4083 491 4133 b.

204 4183 215 4216 ³
232 4185 327 4247 Resp,
344 4184 395 4246 111,
408 4186 452 4232 401
469 4197 486 4232 a
499 4187 524 4232 et
541 4197 598 4248 seq.
616 4184 719 4234 Similis
736 4187 805 4234 ratio
822 4187 848 4234 in
867 4185 962 4235 eodem
978 4186 1038 4236 loeo
1055 4185 1178 4236 redditur
1194 4188 1256 4250 pul-
