2804 4814
488 763 881 867 PRAEFATIO

191 1490 505 1578 Disceptationem
521 1492 802 1560 instituentibus
818 1493 866 1560 de
885 1492 1093 1560 aestlletica
1112 1491 1224 1560 simul

150 1625 186 1684 et
212 1618 367 1686 Politica
395 1618 559 1685 Platonis
588 1619 780 1703 quomodo
810 1619 907 1686 inter
923 1637 964 1686 se
984 1618 1221 1705 cohaereant,

149 1743 294 1811 scilicet
319 1743 366 1810 de
388 1743 489 1810 haud
514 1761 626 1828 parva
653 1742 765 1827 hujus
792 1743 1011 1828 philosophi
1032 1742 1224 1810 doctrinae

150 1876 272 1953 parte,
284 1907 328 1914 —
343 1868 444 1935 haud
459 1868 624 1936 alienum
641 1887 662 1934 a
677 1873 807 1935 nostro
826 1885 942 1954 scopo
962 1868 1032 1934 erit
1047 1885 1164 1952 pauca
1178 1867 1225 1934 de

150 1995 300 2062 Socrate
324 1993 510 2060 disserere
536 1993 678 2062 scilicet
701 1993 749 2060 de
775 2011 819 2060 eo
843 1993 906 2078 qui
928 1993 1095 2061 vicissim
1114 1992 1227 2060 fuerit

150 2119 325 2204 magister
340 2118 517 2202 Platonis
536 2123 573 2185 et
587 2136 750 2203 persona
763 2119 802 2184 in
815 2099 977 2203 Dialogis
994 2137 1061 2203 pro
1072 2118 1225 2186 Platone

148 2242 261 2308 verba
274 2235 417 2309 faciens
429 2259 472 2310 ac
483 2241 640 2309 forsitan
653 2260 729 2308 non
746 2260 878 2327 parum
891 2241 1121 2310 dissimilisa
1136 2259 1224 2309 vero

149 2366 314 2447 Socrate,
332 2374 369 2434 et
393 2367 515 2434 obiter
540 2367 729 2452 inquirere
763 2373 950 2452 quatenus
977 2366 1035 2434 vel
1065 2385 1227 2451 persona

148 2490 207 2558 vel
240 2491 410 2558 doctrina
439 2491 553 2575 hujus
583 2491 859 2559 incrementum
890 2479 948 2558 vel
977 2492 1225 2559 mutationem

148 2616 373 2701 acceperint,
395 2616 433 2682 in
463 2616 666 2699 Platonico,
688 2620 729 2682 ut
757 2616 807 2682 ita
831 2615 967 2702 dicam,
991 2634 1078 2703 agro
1109 2622 1222 2684 satae.

148 2738 193 2806 Et
225 2756 300 2832 non
332 2740 445 2806 modo
480 2757 556 2806 non
592 2739 757 2807 alienum
792 2757 812 2806 a
847 2745 977 2807 nostro
1012 2740 1224 2826 proposito,

149 2863 422 2931 verumetiam
452 2863 540 2931 huic
572 2863 828 2932 necessarium
868 2863 960 2931 illud
991 2865 1226 2950 prooemium

149 2988 342 3074 apparebit
358 2989 390 3055 si
405 2988 520 3056 modo
541 2989 634 3056 haec
659 2987 987 3056 considerabimus
1005 3013 1012 3052 :

195 3114 231 3180 1⁰
254 3112 408 3181 Culmen
425 3113 637 3182 Platonicae
656 3113 851 3181 doctrinae
871 3113 1062 3182 Politicam
1077 3114 1225 3198 fuisset,

150 3237 342 3306 Politicam
365 3238 509 3306 scilicet
531 3238 826 3324 descriptionem
852 3244 889 3305 et
914 3239 1115 3324 imaginem
1142 3239 1227 3325 pul-

151 3361 360 3429 cherrimae
376 3362 533 3430 civitatis
555 3368 592 3429 et
607 3363 870 3447 perfectissimi
887 3363 1072 3448 hominis3
1090 3382 1135 3429 ex
1152 3381 1227 3448 quo

150 3486 351 3573 praesagiri
378 3486 487 3556 facile
519 3493 643 3573 potest
676 3488 870 3556 Politicam
898 3488 1140 3556 AEsthetioam
1174 3489 1228 3555 in-

152 3612 313 3697 volvere,
332 3618 368 3680 et
393 3613 490 3680 hanc
519 3612 681 3678 maxime
709 3613 806 3681 circa
825 3612 949 3680 ideam
965 3613 1062 3681 bene
1078 3632 1230 3699 compo-

151 3737 243 3806 sitae
259 3739 419 3806 civitatis
435 3738 648 3824 egregiique
663 3739 756 3806 civis
771 3745 960 3806 versatum
981 3740 1026 3806 iri
1040 3759 1047 3822 ;

181 4005 190 4040 ¹
208 4007 270 4056 Non
284 4006 363 4056 aliter
372 4020 405 4056 ac
418 4008 566 4056 maximum
582 4006 705 4056 Platonis
719 4019 788 4070 opus
800 4008 827 4056 et
844 4008 959 4055 maxima
971 4007 998 4054 et
1015 4005 1123 4068 longius
1134 4005 1227 4055 elabo-

152 4107 241 4154 ratum
262 4107 288 4154 et
306 4107 386 4168 quasi
407 4104 555 4171 medullam
574 4103 714 4154 doctrinae
730 4106 756 4152 in
774 4106 873 4154 ceteris
889 4103 1007 4165 dialogis
1024 4116 1138 4166 sparsae
1158 4116 1229 4150 coiri-

152 4202 275 4266 plectens
289 4203 398 4253 videtur
412 4202 496 4252 luisse
515 4187 670 4252 Πολιτεία.
