2804 4814
615 281 784 348 ...60-

161 444 354 502 assecutum
378 457 467 513 esse,
492 433 551 500 sed
576 435 791 524 propriorum
814 434 992 522 utriusque
1016 433 1237 522 negotiorum

161 561 308 652 peritum
329 582 464 649 quoque
485 583 572 626 esse.
592 541 671 630 Non
692 570 743 627 est
764 561 793 626 is
814 582 914 648 quem
931 558 1079 638 videtur,
1101 581 1172 625 non
1193 558 1236 636 ei,

162 708 231 752 non
250 688 324 775 ejus
340 683 500 774 operibus
521 685 610 752 inest
627 685 768 752 scientia
783 684 840 751 illa
856 706 942 773 quae
959 676 1072 750 inesse
1087 682 1235 750 videtur.

162 811 238 879 Non
255 809 353 876 aliter
367 809 487 876 histrio
503 808 626 898 aliquis
642 819 734 877 totus
745 833 781 876 se
798 810 953 876 inserens
966 809 1000 875 in
1016 830 1075 874 eos
1090 831 1238 896 quorum

163 956 276 1003 mores
293 935 465 1023 exprimit,
488 933 584 1023 quasi
601 934 734 1000 alienus
751 952 769 1000 a
790 956 826 999 se
847 933 900 1014 fit3
919 942 951 1000 et
972 932 1075 999 simul
1095 955 1238 1022 eaquae

162 1058 242 1126 dicit
263 1068 320 1125 aut
335 1058 415 1126 facit
434 1068 578 1125 naturae
594 1059 664 1126 veri
682 1065 887 1148 repugnant.

187 1162 321 1250 'Hocce
347 1184 485 1273 insuper
506 1184 694 1251 imitatores
717 1193 749 1250 et
775 1184 956 1273 praecipue
981 1192 1103 1273 poetae
1129 1181 1239 1271 prola-

163 1310 302 1378 buntur.
311 1311 385 1378 Non
398 1311 450 1376 sui
460 1333 599 1399 compos
610 1321 662 1377 est
672 1321 784 1401 poeta,
798 1310 854 1377 sed
865 1333 951 1399 quae
960 1310 1089 1400 profert
1098 1293 1240 1376 effundit

165 1435 262 1524 quasi
289 1435 490 1516 instinctus-3
523 1445 555 1501 et
587 1458 692 1524 quum
722 1458 783 1525 pro
810 1435 1007 1502 hominibus
1039 1435 1072 1500 in
1102 1433 1240 1500 diverso

164 1570 253 1627 statu
280 1571 312 1626 et
337 1559 443 1625 variis
469 1569 570 1648 atque
597 1561 699 1627 etiam
729 1560 909 1627 contrariis
936 1559 1114 1626 affectibus
1149 1581 1239 1625 com-

166 1685 267 1751 motis
288 1684 317 1750 ei
335 1683 440 1750 verba
461 1683 616 1751 facienda
630 1685 710 1764 sint,
732 1685 903 1752 contrarie
920 1683 1102 1751 dicendum
1125 1685 1190 1751 erit
1210 1693 1241 1750 et

165 1809 301 1876 diversa
316 1808 357 1874 de
378 1812 480 1875 uno¹.
504 1847 545 1860 -—
561 1811 634 1877 lmo
648 1811 700 1876 vis
718 1809 872 1876 imitandi
887 1819 1023 1899 praeter
1044 1808 1135 1898 quod
1151 1810 1239 1875 serio

166 1933 326 2022 cuiquam
347 1934 485 2021 negotio
501 1938 690 2023 repugnat⁹
706 1944 739 2001 et
759 1934 869 2001 obstat
887 1935 1071 2023 quominus
1087 1934 1118 1999 ei
1134 1943 1238 2000 totam

167 2080 306 2145 operam
322 2056 487 2123 dedamus
507 2067 539 2124 et
553 2058 709 2125 homines
723 2058 823 2124 unius
841 2058 993 2124 muueris
1009 2057 1132 2136 simus,
1146 2058 1193 2122 ita
1206 2078 1240 2122 se

167 2181 350 2251 extendere
366 2181 453 2248 solet
469 2192 505 2248 ut
524 2182 614 2248 circa
636 2181 719 2248 viles
744 2205 855 2249 mores
872 2192 905 2248 et
929 2182 1092 2248 humilem
1116 2191 1239 2248 statum

168 2318 201 2375 et
223 2305 377 2373 sordidas
404 2330 458 2373 res
480 2308 682 2396 plerumque
697 2311 845 2397 j0cetur,
863 2316 899 2373 ut
919 2307 947 2373 si
966 2305 1041 2395 quis
1063 2305 1240 2372 mulierem

167 2432 242 2497 viro
259 2430 587 2510 conviciantem,vel
599 2432 858 2520 parturientem,
876 2442 933 2497 aut
949 2431 1106 2497 homines
1119 2452 1242 2520 pravos

169 2580 212 2623 ex
227 2557 307 2622 vino
329 2556 440 2644 turpia
460 2555 653 2643 loquenten,
675 2566 732 2622 aut
753 2579 885 2635 servos
912 2566 945 2622 et
964 2578 1101 2622 omnem
1123 2578 1241 2623 vocem

168 2681 380 2748 velsonitum
394 2681 617 2769 strepitumve
629 2681 757 2760 avium,
772 2680 1241 2763 animalium,tr0cblearum,

170 2805 344 2895 quidpiam
371 2804 609 2872 fabricantium
636 2816 693 2872 aut
719 2807 908 2894 agentium,
926 2793 1122 2888 ventorum,
1143 2829 1243 2894 gran-

169 2929 272 3008 dinis,
299 2929 448 2996 simulet.
481 2931 597 3019 Apage
622 2930 685 2996 bos
706 2920 927 3019 versipelles!
955 2931 1062 2995 Porro
1087 2929 1146 2995 tali
1168 2929 1243 2996 lusu

170 3055 305 3121 animus
320 3053 474 3120 turbatur
486 3065 518 3121 et
529 3053 754 3143 sibiderogat.
771 3057 807 3120 ln
821 3054 971 3143 Legibus
983 3077 1065 3142 ergo
1077 3055 1242 3121 comicam

171 3155 418 3247 imitationem3
448 3180 527 3246 huic
552 3180 743 3269 proximam
774 3202 861 3268 quae
890 3189 1055 3268 quantum
1083 3179 1243 3246 momenti

171 3308 260 3374 seria
273 3306 419 3372 babeant
431 3306 526 3394 quasi
540 3306 651 3384 docet,
665 3307 721 3371 sed
740 3306 792 3371 cui
809 3315 924 3371 tamen
941 3327 1042 3371 nemo
1058 3306 1092 3370 in
1110 3306 1245 3371 civitate

171 3433 314 3500 nimium
334 3432 483 3498 studium
501 3431 661 3497 adbibere
677 3430 824 3509 debebit,
839 3429 1037 3497 demandari
1054 3431 1126 3497 vult
1138 3430 1245 3497 servis

173 3567 205 3626 et
236 3557 456 3624 mercenariis
488 3555 677 3646 peregrinis
705 3556 793 3622 sicut
830 3554 978 3645 ejulatus
1001 3555 1035 3619 in
1069 3554 1246 3621 funeribus

173 3682 349 3750 conductis
377 3682 490 3748 choris
515 3682 670 3747 Caricam
703 3683 854 3747 lllusaml
876 3678 1079 3747 colentibus.
1107 3679 1246 3746 Civibus

204 3903 213 3936 Ι
232 3904 307 3966 neg..
325 3904 370 3965 lv,
383 3904 464 3953 ned.

206 4002 216 4035 ²
232 4003 324 4064 Rosp.,
336 4003 384 4063 ΙΙΙ,
399 4006 444 4050 394
460 4002 521 4051 ead
538 4007 581 4050 397
597 4002 622 4050 b.

206 4099 218 4134 ³
235 4099 310 4163 Leg,
325 4101 385 4162 Vll,
402 4103 448 4149 816
462 4101 488 4150 d.

207 4199 217 4233 Ι
234 4200 306 4262 Leg„
320 4199 377 4262 VII,
390 4203 437 4248 800
447 4214 470 4249 e.
