2804 4814
596 296 774 361 ..47ss

143 447 243 514 bilis¹
261 470 369 536 aequa
383 421 627 536 pulchritudini
645 472 683 515 ac
699 449 853 537 integrae
868 448 1053 515 valetudini
1067 450 1220 538 corporis

146 573 200 639 vel
221 573 324 639 animi
342 572 498 654 obstent3
518 574 694 663 ergodum
708 574 756 641 nil
768 574 910 641 mortale
922 583 1019 640 curet
1032 584 1064 640 et
1084 574 1221 643 immor-

145 695 270 763 talibus
295 697 415 763 studiis
435 696 569 764 deditus
591 698 646 778 sit,
668 697 804 764 divinae
824 699 910 787 parti
937 701 1011 787 ejus
1033 699 1148 765 omnia
1168 721 1222 764 su-

146 821 314 910 bigendo,
348 822 614 889 immortalitatis
648 824 816 913 particeps
852 834 1016 912 quantum
1051 825 1222 890 humanae

148 960 291 1015 naturae
306 949 398 1028 licet,
416 948 464 1015 lit.

192 1075 318 1141 Contra
352 1073 537 1142 formosam
564 1073 735 1140 humanae
763 1084 906 1140 naturae
935 1074 1081 1163 speciem
1114 1075 1221 1155 illam,

147 1199 252 1287 partis
268 1209 301 1264 et
314 1198 417 1264 simul
434 1198 600 1265 brevioris
616 1199 777 1288 imaginis
795 1203 878 1288 Ζῷου
895 1198 1034 1288 perfecti
1055 1209 1087 1265 et
1102 1198 1232 1280 divini,¹

147 1323 361 1411 significatur
374 1323 408 1389 in
424 1323 697 1412 eodemdialogo
711 1323 886 1390 hominem
903 1346 1003 1412 posse
1017 1324 1222 1393 deteriorem

147 1448 221 1514 fieri
249 1448 381 1528 morb0,
408 1448 624 1538 cupidinibus
646 1471 790 1537 quarum
817 1471 932 1515 rerum
960 1471 1064 1516 causa
1090 1450 1161 1516 sive
1189 1450 1223 1515 in

148 1596 252 1662 pravo
262 1574 415 1663 corporis
426 1574 557 1654 habitu,
569 1575 640 1641 sive
651 1575 685 1640 in
695 1575 851 1664 imperita
861 1574 1062 1644 educatione
1075 1575 1221 1644 sedeat2.

148 1699 222 1778 Ouo
245 1699 342 1786 quasi
359 1699 460 1765 acciri
478 1709 510 1765 et
524 1699 671 1766 invocari
685 1699 821 1766 videtur
838 1699 1044 1788 legumlator
1061 1710 1097 1767 ut
1113 1700 1224 1766 medi-

147 1844 208 1888 cus
234 1822 371 1911 quidam
395 1823 583 1891 civitatum.
603 1825 644 1890 Et
667 1823 803 1913 quidem
825 1847 901 1890 cum
924 1847 1026 1913 opere
1047 1824 1104 1891 illo
1134 1824 1224 1914 quod

147 1947 354 2036 Respublica
373 1948 571 2015 inscribitur
592 1959 683 2016 arcte
704 1952 926 2040 conjunctum
943 1972 1018 2015 esse
1045 1950 1223 2017 Timaeum

144 2070 290 2160 judicari
303 2081 426 2160 potest,
442 2082 512 2139 tum
526 2095 566 2139 ex
578 2074 650 2163 ipso
660 2074 763 2164 hujus
775 2073 929 2154 exordio,
944 2084 1014 2141 tum
1026 2098 1068 2141 ex
1078 2075 1224 2164 quadam

149 2195 372 2263 similitudine
392 2197 483 2264 illius
501 2198 557 2286 qui
574 2198 743 2286 quoddam
760 2199 931 2288 perfectae
947 2199 1094 2266 civitatis
1111 2222 1224 2266 exem-

148 2321 221 2410 plar
237 2321 393 2388 instituat
408 2331 442 2388 et
461 2322 502 2388 ad
518 2322 677 2390 effectum
696 2322 864 2390 adducere
877 2334 996 2404 tentet,
1015 2348 1093 2391 cum
1110 2325 1224 2391 condi-

149 2456 220 2512 tore
238 2446 366 2514 mundi.
385 2446 478 2513 Adde
496 2447 585 2537 quod
602 2448 698 2514 Plato
714 2447 853 2535 ibidem,
871 2449 1110 2538 praeterquod
1127 2472 1225 2516 suam

148 2571 320 2637 civitatem
339 2572 373 2637 in
390 2573 538 2661 antiquis
554 2573 696 2639 Atbenis
716 2596 837 2640 revera
856 2575 1027 2642 exstitisse
1042 2575 1152 2664 fingit,
1166 2575 1225 2646 sed

147 2697 183 2762 in
217 2719 256 2763 eo
285 2707 437 2786 tempore
478 2701 576 2788 cujus
607 2700 772 2765 memoria
810 2710 943 2766 tautum
969 2701 1064 2768 libris
1086 2703 1224 2792 AEgypti
1283 2784 1285 2788 Ι

149 2820 334 2909 grandaevi
368 2832 504 2889 servata
533 2822 674 2903 fuerit3‚'
700 2825 841 2914 insuper
864 2824 1028 2892 fabricam
1054 2827 1225 2893 humanae

149 2956 292 3040 naturae
309 2946 426 3026 refert,
448 2947 543 3034 nulla
565 2948 630 3014 alia
649 2971 754 3016 causa
774 2950 840 3016 nisi
856 2951 947 3038 quod
968 2951 1039 3016 suis
1060 2952 1226 3018 institutis

149 3072 238 3138 hanc
254 3072 287 3138 in
301 3070 450 3162 prierem
474 3060 705 3141 sinceritatem
727 3085 760 3142 et
786 3076 1017 3165 integritatem
1044 3078 1225 3144 restituere

151 3196 287 3285 appetit.

195 3306 412 3390 Hoctamen
441 3325 629 3392 notandum
661 3335 712 3391 est
738 3327 772 3391 iu
804 3337 1018 3407 transcursu,
1041 3328 1223 3416 quaedam,

150 3447 280 3527 lumen,
295 3449 459 3529 colorem,
482 3472 598 3530 sonos,
612 3451 817 3541 voluptates
843 3464 880 3518 ut
901 3452 1063 3533 vidimus,
1083 3477 1123 3520 eo
1150 3477 1225 3544 per-

150 3570 291 3637 fectiora
311 3595 386 3639 esse
407 3596 474 3662 quo
490 3575 628 3663 puriora
641 3586 674 3641 et
690 3575 784 3641 nulla
799 3576 1009 3644 admixtione
1021 3578 1222 3646 adulterata.

152 3697 278 3763 Contra
308 3697 459 3764 bumana
492 3711 628 3782 natura,
644 3710 680 3766 ut
714 3723 731 3766 e
760 3700 905 3768 diversis
934 3702 1109 3791 principiis
1133 3726 1224 3772 com-

181 4033 190 4068 ¹
212 4019 353 4098 ῥεύματα.
374 4031 422 4087 rt,
440 4035 469 4079 88
485 4045 509 4080 a.

181 4126 192 4159 ²
210 4126 261 4186 Ti,
272 4129 302 4174 86
315 4139 338 4175 e.

182 4221 194 4255 ³
209 4223 259 4284 rt,
277 4227 307 4271 aa
320 4222 347 4273 h.
