2804 4814
609 251 785 315 -72-

159 405 240 472 dere
255 404 389 472 videtur
402 427 476 471 eam
498 405 609 494 legem
631 428 707 471 esse
726 405 946 472 honestarum
964 416 998 472 et
1012 403 1233 494 pulchrarum

161 531 299 609 artium,
328 539 360 596 et
381 529 539 597 videlicet
574 553 641 599 non
673 540 805 597 tantum
836 529 957 596 harum
988 528 1030 595 de
1056 529 1182 618 quihus
1201 531 1235 596 in

160 655 331 746 praesenti
356 654 482 743 agitur,
504 655 686 745 pulchrum
703 654 881 742 consequi,
902 653 993 742 quod
1014 652 1198 744 pulchrum
1219 676 1236 720 e

161 803 306 848 numero
315 790 348 847 et
357 779 536 847 harmonia
548 790 580 847 et
592 781 723 847 musico
735 780 880 866 quodam
893 789 1039 859 constat,
1050 778 1109 869 qui
1118 802 1238 847 nume·

160 929 220 974 rus
232 915 264 973 et
275 903 488 973 concinnitas
500 906 572 972 sive
583 928 661 972 cum
671 905 825 972 oratione
834 906 907 972 sive
918 926 995 972 cum
1009 905 1076 972 alio
1088 904 1235 994 quodam

161 1053 289 1121 genere
300 1028 423 1119 agendi
435 1033 632 1119 conjuncta,
646 1045 714 1096 non
726 1038 910 1120 potuerunt
921 1029 1106 1118 quominus
1118 1052 1138 1095 a
1148 1028 1237 1097 bono

163 1156 278 1223 animo
304 1154 457 1245 prolecta
482 1154 621 1221 luerint.
654 1157 727 1221 Hoc
754 1155 828 1221 loco
855 1154 908 1221 cui
939 1153 1102 1220 alluditur
1136 1154 1238 1220 simul

162 1290 285 1347 natura
306 1278 439 1368 pulchri
462 1288 672 1344 memoratur
693 1279 829 1366 qualem
853 1288 954 1344 antea
976 1277 1237 1367 explanavimus

162 1426 181 1470 e
201 1403 341 1470 Timaeo
358 1412 391 1469 et
407 1402 562 1482 Philebo,
577 1412 611 1470 et
625 1425 747 1469 norma
760 1413 793 1470 et
808 1403 887 1470 finis
901 1426 1003 1492 quam
1023 1425 1238 1492 consequan-

163 1539 218 1596 tur
248 1528 289 1595 iis
316 1528 446 1595 artibus
476 1528 679 1618 proponitur
705 1552 792 1617 quae
821 1551 924 1618 supra
953 1529 1130 1595 incusatae
1160 1538 1239 1598 sunt

164 1653 254 1743 quod
274 1663 365 1722 totae
385 1653 418 1719 in
436 1653 626 1720 imitatione
648 1654 729 1719 etin
752 1653 939 1721 mendaciis
954 1654 1149 1721 fabularum
1165 1677 1239 1720 ver-

164 1787 334 1845 sarentur.
348 1777 389 1843 Et
400 1776 581 1865 pulchrum
596 1776 677 1843 illud
689 1776 778 1843 idem
793 1787 844 1843 est
855 1800 894 1844 ac
906 1800 1027 1844 sanum
1042 1787 1075 1845 el
1089 1778 1237 1845 salubre.

210 2031 242 2096 6.
261 2068 302 2078 -
319 2028 409 2115 Ergo
426 2027 606 2116 pulchrum
620 2037 653 2094 et
668 2027 829 2094 decorum
845 2028 1014 2095 musicum
1031 2028 1160 2117 aliquid
1177 2039 1240 2110 est,

168 2164 201 2220 et
219 2156 292 2244 jam
313 2151 476 2240 quidquid
502 2152 537 2218 in
563 2151 717 2219 honestis
733 2151 862 2219 artibus
885 2152 999 2220 animo
1020 2153 1171 2221 salutare
1191 2165 1242 2222 est.

164 2283 235 2370 jam
256 2287 365 2344 totum
382 2278 416 2343 in
434 2278 600 2344 musicam
617 2300 653 2344 se
669 2277 825 2344 conferre
843 2277 989 2357 videtur,
1007 2301 1095 2367 quae
1116 2279 1240 2346 artium

167 2402 320 2469 omnium
346 2401 504 2490 politicae
533 2411 564 2468 et
596 2401 728 2468 ethicae
759 2402 937 2490 cognatior
966 2412 1017 2468 est
1046 2412 1079 2469 et
1105 2403 1178 2492 ipsa
1207 2405 1241 2470 in

167 2529 300 2618 pulchri
326 2550 476 2594 amorem
504 2551 540 2593 se
569 2527 734 2594 confertl.
757 2528 892 2594 Partem
925 2551 1000 2595 eam
1029 2530 1241 2618 superiorem

169 2654 318 2721 musices
341 2675 443 2741 quam
469 2662 567 2720 antea
590 2653 765 2742 attigimus
786 2664 1053 2742 praetereamus.
1072 2657 1109 2721 ln
1131 2657 1242 2745 Repu-

169 2780 257 2846 blica
271 2778 312 2844 (le
331 2778 462 2844 musica
480 2801 614 2866 quoque
642 2777 742 2845 modo
769 2787 804 2844 ut
830 2778 993 2867 peculiari
1019 2789 1090 2846 arte
1115 2781 1242 2868 agitur,

170 2903 270 2971 modo
286 2903 327 2970 de
343 2926 383 2969 ea
396 2902 449 2968 cui
471 2912 604 2968 ceterae
626 2912 715 2968 artes
731 2926 767 2968 se
781 2903 937 2969 inserunt
953 2913 1122 2991 quatenus
1139 2927 1244 2993 opera

170 3052 288 3097 earum
305 3050 487 3094 numerum
505 3037 537 3093 et
552 3027 817 3094 concinnitatem
838 3027 979 3109 hahent3
1000 3051 1062 3094 nec
1078 3029 1178 3094 aliam
1202 3029 1246 3096 ob

170 3176 309 3222 causam
330 3176 366 3220 se
382 3153 538 3219 inserunt
559 3175 660 3240 quam
683 3152 762 3240 quia
777 3154 1026 3241 cujuscumque
1042 3153 1123 3219 artis
1140 3176 1245 3243 opera

171 3280 330 3347 allectum
351 3277 455 3344 animi
474 3276 652 3367 cujusdam
674 3286 706 3342 et
725 3275 950 3364 cogitationes
971 3300 1056 3365 quas
1076 3277 1104 3342 is
1127 3300 1245 3344 secum

171 3407 370 3495 colloquens
388 3411 516 3493 pascat,
535 3401 679 3490 ideoque
694 3401 789 3490 quasi
807 3401 996 3468 orationem
1015 3401 1117 3492 hujus
1134 3404 1246 3492 expri-

171 3540 269 3598 munt
285 3552 371 3619 quae
394 3527 529 3616 quidem
548 3548 648 3591 suum
675 3548 857 3591 numerum
878 3535 910 3591 et
933 3536 1085 3592 tenorem
1107 3525 1244 3607 haheat,

170 3666 261 3722 -et
277 3655 356 3744 quia
372 3678 414 3721 ex
430 3653 496 3718 alia
514 3661 621 3741 parte,
644 3653 814 3719 Numerus
835 3662 868 3718 et
884 3652 1062 3719 harmonia
1079 3675 1146 3718 non
1166 3664 1247 3720 sunt

171 3890 299 3938 chrorum
318 3890 433 3937 naturae
451 3899 563 3950 operum
581 3885 740 3935 animalium
761 3885 962 3949 plantarumve,
983 3899 1054 3948 quae
1079 3900 1112 3935 eo
1131 3886 1247 3950 pulchra

172 3991 236 4039 sunt
250 3987 323 4052 quod
339 3988 413 4036 iniis
428 3985 531 4050 aliquid
544 3986 707 4034 concinnum
721 3986 786 4034 insit
799 3998 853 4049 quo
865 3982 967 4033 bonam
981 3996 1059 4032 suam
1074 3987 1152 4047 quasi
1171 3985 1247 4038 indo-

169 4088 223 4137 lem
237 4085 397 4150 exprimant.

200 4185 209 4218 ¹
228 4185 319 4248 Resp,
333 4185 381 4246 ΙΙΙ,
392 4187 438 4232 403
456 4198 478 4232 c.
