2804 4814
610 296 784 362 „39-

159 449 336 517 foederum
352 472 431 517 cum
443 452 553 540 justol
572 459 604 516 et
612 449 696 539 justi
712 473 788 517 cum
801 449 904 530 hono,
916 450 962 516 ita
978 460 1014 516 ut
1029 450 1125 517 Plato
1139 474 1233 517 cum-

159 576 237 643 dem
258 576 315 664 qui
340 576 432 642 norit
447 575 526 664 quid
539 576 672 665 justitia
692 577 747 656 sit,
767 577 934 643 rationem
956 599 1092 665 quoque
1114 577 1233 643 circuli

160 709 194 767 et
210 699 375 788 sphaerae
396 698 532 765 divinae
554 708 671 765 tenere
696 699 876 787 significet.
896 699 961 769 Sed
977 709 1090 765 tamen
1116 700 1150 766 in
1169 701 1235 767 hoc

160 825 298 913 dialogo
315 823 537 913 philosophus
554 834 671 889 nostor
694 823 727 889 in
745 822 856 889 media
880 823 938 889 illa
958 823 1098 911 regione
1119 823 1234 890 scien-

161 949 229 1016 tiae
250 947 403 1014 universi
418 970 454 1013 se
470 956 575 1027 tenet,
591 948 623 1013 in
640 947 751 1014 medio
772 947 919 1036 quodam
933 947 1042 1035 gradu
1067 947 1234 1014 dialectici

162 1095 371 1163 progressus
387 1071 556 1151 consistit,
577 1081 609 1137 et
624 1095 664 1138 eo
679 1072 752 1161 ipso
768 1094 809 1137 ex
829 1060 952 1138 natura
967 1071 1099 1161 pulchri
1117 1095 1235 1162 appre-

163 1197 282 1264 hendit
299 1206 332 1262 et
348 1196 509 1286 perspicit
520 1195 602 1262 illud
618 1195 707 1284 quod
724 1196 840 1264 nonin
857 1196 983 1263 bonnm
998 1219 1035 1263 se
1051 1197 1235 1276 contrahit,

163 1321 297 1412 pulchri
318 1330 476 1387 naturam
494 1319 745 1408 quodammodo
766 1321 860 1409 prius
875 1343 978 1410 qnam
993 1331 1064 1387 tota
1079 1321 1113 1386 in
1138 1331 1236 1388 netu-

164 1469 239 1513 ram
256 1440 359 1512 honifl
374 1456 431 1511 aut
445 1468 565 1512 revera
582 1445 760 1512 existentis
777 1468 813 1512 se
829 1446 1013 1512 transferat
1026 1445 1077 1534 (ut
1092 1447 1125 1512 in
1147 1446 1237 1515 Con-

163 1571 256 1637 vivio
282 1570 346 1659 tit),
365 1568 512 1658 dispicit.
535 1569 702 1638 Crederes
732 1593 775 1637 ex
804 1569 868 1637 hoc
895 1569 1031 1658 dialogo
1060 1570 1237 1637 Platonem

164 1720 241 1764 esse
257 1718 363 1763 unum
385 1719 428 1762 ex
448 1695 514 1761 illis
536 1696 641 1763 nostri
657 1696 820 1785 temporis
845 1696 986 1762 scientia
1009 1705 1151 1763 naturae
1176 1697 1238 1762 im-

164 1821 256 1889 butis
273 1819 468 1888 hominibus
490 1821 547 1909 qui
564 1820 794 1910 voluptatibus
806 1821 901 1887 visus
919 1831 951 1887 et
965 1820 1158 1888 simulacris
1171 1822 1239 1888 sin-

165 1946 337 2036 gularium
356 1969 470 2012 rerum
499 1945 540 2012 ab
567 1945 688 2035 opilice
723 1943 869 2034 quodam
898 1945 1062 2012 conlectis
1080 1956 1238 2012 naturam

167 2071 274 2161 ipsam
289 2093 404 2138 rerum
419 2079 644 2161 anteponunt,
657 2080 690 2137 et
701 2071 878 2136 scientiam
896 2093 997 2158 quam
1010 2070 1127 2137 colunt
1138 2072 1239 2161 paulo

167 2197 270 2263 latius
287 2195 510 2263 extendentes
530 2195 781 2285 philosophiam
797 2195 983 2285 attingunt.

213 2451 250 2515 ln
266 2448 408 2515 Timaeo
427 2456 497 2514 tota
521 2446 709 2536 explicatur
732 2447 874 2512 scientia
896 2446 954 2512 illa
978 2446 1130 2513 universi
1153 2446 1242 2513 inter

165 2573 380 2641 dialecticam
399 2549 510 2638 media
525 2582 626 2660 atque
640 2571 803 2639 interhas
817 2572 1032 2660 cognitiones
1049 2572 1157 2638 adres
1173 2595 1242 2640 non

170 2699 205 2766 in
230 2699 392 2766 universo
417 2697 475 2764 sed
506 2706 663 2787 respectu
691 2696 863 2762 humanae
888 2697 979 2763 vitae
1006 2695 1241 2764 consideratas

171 2825 366 2903 attinentes,
380 2835 412 2890 et
427 2822 628 2912 plerumque
640 2821 808 2888 rationem
823 2821 946 2888 artium
961 2822 1189 2903 continenteS,
1200 2862 1244 2873 -

173 2951 224 3017 his
240 2960 335 3016 tanto
351 2949 507 3038 superior
521 2957 648 3036 quanto
664 2947 812 3014 circulus
826 2956 858 3014 et
874 2947 1019 3035 sphaera
1036 2947 1151 3015 divina
1165 2972 1244 3037 geo·

173 3074 322 3142 metricis
352 3081 538 3163 praestant.
565 3072 651 3138 Eam
684 3094 765 3139 vero
799 3071 896 3137 Plato
924 3072 996 3160 ipse
1024 3071 1149 3139 latetur
1175 3096 1245 3140 non

172 3222 249 3265 esse
271 3199 426 3265 restricte
454 3197 631 3264 scientiam
653 3195 740 3285 (sive
762 3196 852 3285 quod
878 3196 962 3262 tales
982 3219 1037 3263 res
1061 3206 1182 3264 tractet
1203 3196 1244 3264 de

174 3321 297 3410 quihus
314 3320 394 3410 quid
405 3343 524 3387 verum
538 3320 581 3386 sit
594 3343 613 3385 a
628 3322 700 3386 Deo
712 3328 843 3385 tantum
861 3319 1014 3408 accipere
1031 3327 1245 3410 possemus3,

172 3485 217 3495 -
232 3446 303 3512 sive
320 3445 512 3535 quodcirca
531 3456 658 3533 γενέσιν,
671 3443 704 3510 id
715 3453 766 3510 est
782 3466 844 3510 nec
856 3443 976 3509 stabile
992 3466 1055 3510 nec
1067 3466 1146 3510 vere
1158 3443 1247 3510 exis·

174 3580 263 3651 tenS,
280 3593 349 3637 uno
365 3569 469 3637 verbo
481 3570 572 3636 circa
583 3568 766 3635 simulacra
781 3577 915 3634 tantum
935 3590 1056 3634 revera
1068 3568 1247 3634 existentis

207 3911 314 3972 ¹Phil.,
327 3916 357 3960 62
368 3926 393 3961 a.

206 4009 335 4060 ²Contra
355 4011 382 4059 tn
405 4008 519 4059 Philebo
539 4023 544 4058 :
563 3995 629 4060 Νῦν
661 4001 695 4076 δὴ
724 4002 945 4080 καταπέφευγεν
975 4005 1046 4076 ἡμῖν
1074 4004 1092 4075 ἡ
1119 3994 1248 4079 τάγαθοῦ

178 4107 298 4184 δύναμις
311 4103 353 4181 εἰς
371 4109 424 4184 τὴν
440 4117 490 4168 τοῦ
507 4108 600 4168 καλοῦ
619 4110 710 4187 φύσιν.
732 4116 812 4177 Phil,
829 4119 895 4165 ote.

208 4213 285 4278 ³ra,
298 4217 327 4264 72
338 4214 365 4264 d.
