2804 4814
280 434 317 500 20
340 430 556 502 Doctrinarn
585 435 686 501 illam
714 437 906 504 politicam
923 438 1030 522 quasi
1051 440 1237 525 ἀντίστροφον
1255 448 1313 507 at-

237 576 310 642 que
331 560 654 644 praeparationem
684 559 864 627 hahuisse
887 561 1199 646 disceptationem
1217 563 1314 632 hanc

237 699 352 768 quam
382 684 563 751 adversus
597 683 791 771 Sophistas
818 687 896 753 sive
920 685 1092 753 Socrates
1117 688 1210 772 ipse,
1235 689 1313 755 sive

237 809 339 878 Plato
358 808 510 877 Socrate
526 808 638 876 veluti
659 808 839 877 dramatis
860 828 1021 894 persona
1041 818 1153 879 utens
1177 813 1260 897 egit,
1278 819 1314 880 et

238 951 313 1000 non
338 933 451 999 modo
485 932 667 999 adversus
697 933 883 1016 quosdam
917 934 1122 1018 sophistas
1152 935 1220 1002 sed
1249 936 1314 1003 ad-

236 1075 368 1125 versus
388 1057 540 1124 illorum
560 1053 836 1141 professionem
856 1062 893 1124 et
907 1056 999 1123 illud
1021 1075 1133 1125 omne
1150 1058 1313 1126 docendi

236 1201 355 1268 genus
375 1200 451 1267 quo
478 1181 536 1248 usi
563 1188 661 1265 sunt,
683 1187 719 1248 et
748 1181 889 1249 circum
917 1200 961 1248 ea
989 1200 1144 1250 versans
1159 1202 1255 1268 quae
1272 1201 1313 1251 se

236 1309 372 1378 docere
394 1308 596 1392 jactabant,
616 1313 652 1374 et
674 1306 787 1374 simul
812 1296 900 1374 curn
924 1307 1092 1393 priorum
1115 1327 1261 1376 morum
1278 1317 1314 1377 et

236 1439 356 1503 status
378 1432 537 1500 civitatis
549 1431 755 1499 mutatione
771 1450 906 1501 nexum
920 1452 927 1519 ;
950 1438 986 1500 et
1001 1433 1312 1518 disceptationem

236 1558 464 1627 Socraticam
499 1556 599 1624 illam
636 1557 827 1624 involvere
866 1556 1066 1644 imaginem
1110 1559 1312 1643 quamdam

236 1683 394 1751 civitatis
414 1683 472 1751 vel
497 1681 619 1767 qualis
642 1681 765 1766 aliqua
787 1682 825 1748 in
853 1683 975 1766 priore
1005 1688 1174 1766 ternpore
1198 1662 1313 1753 exsti?

235 1808 332 1893 terit,
363 1807 421 1874 vel
450 1806 575 1893 qualis
599 1825 620 1873 a
648 1806 875 1891 philosopho
902 1805 1028 1892 aliquo
1067 1807 1211 1902 restitui
1230 1803 1232 1807 ’
1250 1813 1313 1874 aut

235 1931 379 1998 institui
396 1931 531 2017 possit,
1193 1926 1197 1933 ’

278 2055 311 2123 30
334 2031 463 2125 Totam
478 2056 674 2154 politicam
690 2055 855 2123 Platonis
866 2059 912 2140 (et
923 2055 1164 2124 AEstheticam
1181 2056 1318 2141 simul)

234 2183 272 2249 in
296 2182 530 2250 institutione
565 2182 728 2267 quadam
758 2181 814 2248 vel
844 2199 1048 2265 puerorum
1080 2182 1311 2266 etjuvenum

235 2325 301 2394 per
315 2308 504 2392 scientias,
523 2306 580 2374 vel
608 2305 821 2373 adultorum
855 2306 1046 2391 perleges
1076 2324 1180 2390 esse3
1203 2344 1247 2378 ,-
1274 2312 1311 2372 et

234 2433 439 2517 Socratem,
457 2433 489 2500 si
512 2438 613 2500 certe
635 2431 769 2516 aliquis
796 2431 905 2498 luerit
919 2431 1117 2517 praecipue
1138 2431 1311 2498 educato-

233 2576 313 2626 rem
336 2557 465 2642 fuisse,
484 2564 520 2625 et
539 2575 651 2625 omne
676 2562 866 2624 certamen
891 2557 989 2624 inter
1011 2556 1067 2623 vel
1095 2572 1227 2623 verum
1251 2555 1309 2622 vel
1383 2634 1385 2639 y

232 2683 363 2754 fictum
393 2683 582 2751 Socratem
612 2688 648 2749 et
677 2683 867 2768 sophistas
890 2683 937 2750 de
959 2681 1153 2767 proposito
1178 2687 1214 2748 et
1234 2698 1310 2747 me·
1359 2766 1361 2773 X

233 2795 350 2876 thodo
367 2807 530 2876 docendi
550 2807 678 2875 fuisse.

277 2933 379 3001 Inter
394 2933 497 2999 illam
513 2933 695 3000 adversus
712 2931 907 3017 Sophistas
923 2931 1215 3017 disputationem
1232 2930 1309 2997 sive

233 3058 446 3126 Platonicae
467 3057 660 3126 doctrinae
677 3064 821 3145 partem
839 3076 935 3143 quae
950 3056 1121 3140 destruit,
1136 3060 1171 3124 et
1186 3055 1309 3123 Politi-

233 3199 316 3248 cam
333 3181 411 3248 sive
428 3188 572 3266 partem
590 3198 685 3266 quae
701 3181 823 3264 struit,
841 3180 967 3248 locum
983 3186 1085 3247 tenet
1100 3178 1307 3262 dialectica,

231 3305 290 3374 vel
318 3324 542 3392 progressus
565 3306 624 3373 vel
650 3306 824 3374 ascensio
852 3305 890 3371 in
915 3322 989 3389 qua
1017 3303 1309 3389 pulchritudinis

232 3449 360 3499 amore
381 3431 580 3517 praecipue
596 3431 809 3498 stimulatur
822 3428 1046 3515 intellectus,
1064 3447 1160 3514 quae
1176 3428 1310 3495 dialec-

232 3557 304 3625 tica
320 3556 421 3624 nulla
442 3557 665 3624 ascensione
688 3556 823 3624 melius
843 3554 1050 3623 illustratur
1064 3572 1178 3639 quarn
1193 3552 1255 3619 illa
1270 3552 1307 3618 in

233 3701 307 3767 qua
321 3701 342 3748 a
354 3680 667 3767 contemplatione
684 3681 879 3766 cujusdam
896 3679 1074 3767 pulchrae
1085 3681 1139 3746 rel
1154 3697 1221 3764 per
1231 3695 1307 3763 gra-

233 3808 305 3875 dus
325 3807 473 3874 dehitos
498 3807 675 3873 ducimur
701 3807 747 3873 ad
776 3803 1133 3890 contemplationem
1160 3802 1307 3888 pulchri

233 3931 365 4018 ipsiuS,
379 3950 466 3998 vere
483 3931 641 4016 pulchri,
654 3932 691 3998 id
706 3937 766 3998 est
776 3931 865 4016 veri,
879 3930 916 3997 id
928 3935 985 3998 est
998 3949 1084 3997 vere
1100 3929 1304 3997 existentis.
