2804 4814
611 273 784 337 -tt-

160 430 363 497 adsensum
384 437 516 494 lantum
538 427 719 516 pertineat,
740 426 837 492 Plato
859 425 1039 514 pulchrum
1064 447 1166 491 omne
1193 424 1234 491 ad
1272 461 1274 464 >
1323 505 1325 517 4
1355 435 1366 468 ⁵

160 553 429 644 pulcherrimum
456 560 596 619 revocat
624 560 657 618 et
690 551 835 630 reducit,
862 549 901 616 ad
927 572 1008 616 vere
1037 549 1232 638 pulchrum,

161 679 229 744 imo
251 677 291 744 ad
308 677 437 743 fontem
458 685 490 743 et
506 675 709 765 principium
726 685 759 741 et
774 695 914 742 causam
929 674 1075 763 pulchri.
1094 676 1133 741 Iu
1145 674 1236 741 hunc

160 801 289 868 fontem
307 800 438 888 colligit
454 809 486 865 et
500 799 596 888 quasi
614 808 705 865 retro
723 808 821 886 urget
835 807 870 864 ut
885 796 963 864 inde
984 797 1131 886 profluat
1146 798 1237 886 pela-

161 950 226 1016 gus
243 948 344 993 omne
372 923 649 1014 pulchritudinis,
672 924 834 990 universa
856 923 998 1013 pulchra
1023 923 1096 990 sive
1121 945 1238 990 rerum

162 1025 306 1118 naturae
330 1049 402 1116 sive
427 1048 598 1115 humanae
627 1048 661 1113 iu
683 1047 841 1114 eumdem
867 1047 1006 1114 modum
1032 1070 1071 1114 ac
1101 1056 1238 1115 nostrae

163 1175 284 1241 aetatis
305 1173 436 1264 physici
453 1172 618 1261 quidquid
639 1172 675 1238 in
700 1173 846 1261 siugulis
866 1172 970 1240 rebus
986 1194 1068 1239 vere
1088 1172 1239 1239 existens

163 1299 338 1365 invenitur
351 1298 385 1362 in
398 1296 566 1386 quaedam
575 1295 865 1363 foederanaturae
877 1295 1096 1362 contrahunt.
1106 1295 1239 1362 AEsthe-

163 1426 229 1491 tica
247 1423 400 1489 Platonis
422 1420 523 1490 modo
538 1421 691 1510 magistri
709 1423 860 1511 privatae
881 1430 914 1487 et
930 1421 1088 1510 politicae
1104 1420 1239 1504 virtutis

164 1558 229 1628 est,
246 1547 300 1616 cui
315 1546 400 1612 nihil
423 1544 604 1635 pulchrum
616 1555 668 1612 est
680 1545 744 1612 nisi
760 1568 933 1613 summum
949 1545 1144 1634 pulchrum,
1159 1545 1240 1634 pul-

164 1672 321 1740 chritudo
331 1671 389 1738 illa
399 1671 478 1738 honi
492 1671 582 1736 illius
594 1693 661 1760 quo
673 1671 782 1737 cietur
792 1669 1257 1759 divinuslntellectuS‚quod'

165 1797 207 1863 ad
219 1796 377 1863 effectum
392 1796 508 1875 homo,
521 1805 689 1884 quatenus
702 1797 809 1861 Deum
825 1795 1031 1875 aemulatur,
1043 1795 1243 1876 adducit,-

168 1922 269 1991 modo
290 1921 421 2011 physici
440 1921 497 2009 qui
513 1943 634 1987 causas
664 1930 697 1987 et
723 1942 852 2009 genera
871 1920 1006 2010 repetit,¹
1024 1923 1242 1988 aeternorum

165 2046 345 2114 foederum
359 2044 544 2112 studiosior
556 2068 656 2135 quam
670 2044 851 2111 effectuum
866 2054 1034 2133 quatenus
1047 2045 1069 2110 ii
1084 2044 1241 2111 advitam

166 2173 353 2238 humanam
374 2180 406 2236 et
422 2179 512 2236 artes
525 2169 706 2258 pertinent.
723 2171 767 2237 Ut
779 2168 869 2234 enim
884 2167 1095 2249 dialecticus,
1109 2192 1169 2236 ens
1183 2192 1243 2264 pu-

168 2319 244 2362 rum
255 2295 383 2385 optimo
396 2303 428 2360 et
439 2293 623 2383 purissimo
633 2293 736 2359 animi
747 2294 946 2381 contingere
958 2293 1054 2360 Plato
1064 2293 1244 2373 studet,ita

172 2420 349 2510 physicus,
367 2413 400 2484 id
423 2417 513 2507 quod
534 2418 756 2484 commixtum
781 2427 839 2484 aut
863 2417 1008 2506 quadam
1030 2419 1243 2508 oppositione

168 2546 388 2610 immutatum
409 2543 453 2609 sit
478 2543 512 2608 in
533 2541 674 2609 exordia
698 2541 923 2621 resolvendo,
936 2552 994 2611 aut
1015 2543 1242 2633 sejungendo,

169 2669 253 2757 (sive
274 2667 424 2734 colorem
447 2667 518 2732 sive
535 2666 653 2756 sonos)
675 2665 715 2732 ad
738 2689 857 2756 puram
875 2676 1047 2747 naturam,
1069 2667 1102 2735 id
1127 2678 1178 2735 est
1202 2668 1243 2733 ad

173 2793 355 2882 quamdam
371 2793 551 2859 veritatem
563 2801 596 2858 et
611 2791 899 2882 pulchritudinem
912 2793 1045 2861 reducit
1061 2793 1245 2881 (mixturae

170 2928 202 2985 et
223 2918 457 3007 oppositiones
474 2939 579 3006 quum
597 2916 725 3006 aliquid
746 2917 857 2984 simile
873 2918 942 2984 sint
968 2919 1244 2986 commutationi-

173 3043 238 3110 bus
254 3043 328 3109 istis
345 3053 378 3109 et
393 3041 525 3109 vicibus
539 3043 574 3108 in
586 3042 725 3131 tragicis
737 3043 897 3132 operibus
913 3043 1059 3123 usitatis,
1076 3045 1247 3133 etpariter
1321 3036 1323 3039 ⁸

170 3167 291 3235 ciendo
309 3168 342 3233 in
364 3190 469 3234 unum
485 3167 628 3235 confusa
649 3166 800 3233 dolorem
825 3178 857 3233 et
877 3167 1100 3256 voluptatem,
1124 3191 1246 3235 sensus

171 3304 204 3360 et
216 3293 356 3360 affectus
368 3292 506 3361 turhent
518 3315 556 3358 ao
567 3292 718 3380 titillent)
729 3303 751 3358 1.
768 3294 910 3360 Necnon·
921 3302 1063 3360 naturae
1075 3294 1247 3361 humanae

172 3440 307 3508 quoque
328 3418 430 3484 finem
452 3418 611 3506 proponit
628 3427 663 3484 ut
679 3418 712 3483 in
729 3417 903 3507 puriorem
920 3427 1049 3506 partem
1071 3419 1123 3484 sui
1139 3442 1247 3507 paene

171 3554 242 3611 tota
262 3542 408 3611 secedat.

218 3670 290 3734 Hae
314 3667 470 3734 doctrina
493 3691 533 3733 ex
557 3690 623 3754 qua
647 3689 818 3733 summum
846 3667 1025 3756 pulchrum
1047 3689 1123 3732 cum
1148 3690 1187 3733 ea
1211 3690 1248 3733 re

175 3814 277 3880 quam
294 3791 488 3857 intellectus
510 3790 603 3856 solus
628 3791 804 3879 percipiat,
822 3790 875 3856 vel
896 3812 973 3857 cum
995 3813 1035 3855 ea
1054 3790 1108 3855 cui
1131 3800 1247 3856 notam
1307 3820 1308 3824 ¹

176 3940 273 3984 suam
292 3917 389 4006 quasi
412 3916 614 4005 imposuerit
637 3916 845 3995 intellectus,
872 3925 1004 3982 etcum
1031 3915 1122 3982 hono
1147 3916 1249 3983 simul

206 4192 214 4224 ¹
232 4190 302 4240 Phil.
