2804 4814
610 283 782 344 41-

160 430 240 496 dant
261 453 338 495 eum
361 429 498 496 vivendi
523 452 652 496 morem
675 431 731 518 qui
757 454 799 496 ex
822 431 996 519 principiis
1019 452 1138 496 eorum
1157 428 1234 495 doc-

160 556 270 623 trinae
291 554 448 644 prolluat.
472 555 615 623 Multum
632 555 714 621 artis
735 564 768 622 et
784 559 934 644 εἰρωνείας
952 555 1124 622 consumit
1139 554 1235 626 Plato

160 681 196 746 in
225 679 433 747 traducendo
458 679 499 746 ad
525 690 670 747 aetatem
702 680 850 769 priorem
879 680 970 746 illam
1006 681 1094 747 inter
1120 702 1237 746 veram

161 804 412 894 philosophiam
433 814 466 870 et
491 827 550 872 eos
567 806 624 894 qui
646 805 818 894 politicam
835 815 868 870 et
887 804 1024 872 vivendi
1048 827 1177 872 morem
1194 827 1237 871 ex

162 929 376 1019 philosophia
389 930 619 1019 sophistarum
632 953 668 996 se
681 930 815 996 trahere
827 929 1087 1019 profitebantur,
1098 938 1236 996 conten·

161 1055 311 1135 tion‘em3
330 1055 425 1120 itaut
441 1076 481 1121 ea
496 1028 771 1122 contentiointer
788 1055 962 1124 Socratem
979 1055 1091 1144 ipsum
1107 1064 1139 1121 et
1155 1054 1237 1120 Pro·

162 1191 331 1269 tagoram,
349 1179 512 1268 Gorgiam
534 1203 573 1246 ac
594 1190 726 1247 ceteros
747 1180 819 1268 geri
844 1179 1010 1247 videatur.
1030 1181 1073 1247 Ut
1091 1178 1236 1256 Socrati,

163 1305 209 1371 ita
223 1304 289 1371 illis
305 1305 402 1370 Plato
415 1303 471 1370 dat
486 1304 602 1370 omnia
616 1327 655 1370 ea
670 1327 756 1392 quae
773 1327 792 1369 a
807 1302 986 1383 doctrinis,
1004 1302 1236 1392 opinionibus,

163 1430 351 1519 disciplinis
366 1430 543 1518 utriusque
560 1430 664 1519 partis
680 1428 924 1519 produxerant.

210 1679 306 1761 Quod
325 1680 444 1747 attinet
460 1680 501 1746 ad
523 1681 699 1750 Socratem
725 1702 858 1762 vorum,
882 1679 952 1746 lere
977 1679 1105 1746 eisdem
1126 1680 1238 1747 causis

165 1829 204 1872 ac
221 1805 400 1895 Sophistae
416 1796 555 1872 emicuit
570 1816 603 1872 et
623 1805 783 1876 innotuit.
798 1807 890 1872 Inter
905 1805 966 1871 has
982 1828 1105 1871 causas
1120 1814 1239 1872 notan·
1321 1818 1322 1821 ’

165 1930 208 1996 da
228 1939 307 1997 sunt
326 1930 494 2020 imprimis
518 1929 668 1996 studium
691 1940 723 1996 et
743 1928 956 1996 consuetudo
977 1929 1088 2017 magis
1110 1928 1240 2018 discep-

165 2054 303 2121 tationis
327 2064 360 2121 et
385 2054 655 2121 ratiocinationis
677 2077 778 2142 quam
800 2054 1016 2143 eloquentiae
1037 2077 1124 2142 qnae
1144 2077 1240 2143 prae-

166 2179 265 2268 cipue
293 2177 562 2247 Atheniensibus
594 2179 729 2245 inerant
761 2189 793 2245 et
828 2179 1046 2245 increverant
1081 2177 1240 2267 cupidine

163 2304 255 2370 illius
275 2304 451 2392 potestatis
476 2327 578 2392 quam
602 2304 636 2370 in
656 2303 866 2369 democratia
894 2302 951 2377 dat
975 2303 1084 2370 oratio
1105 2303 1137 2368 vi
1167 2325 1236 2369 ser-

167 2431 279 2497 monis
304 2441 336 2496 et
359 2437 451 2518 λόγου
467 2451 588 2495 omnes
611 2429 803 2495 contrariae
829 2429 1000 2518 opinionis
1023 2427 1241 2494 defensiones

69 2618 72 2625 .
165 2556 359 2623 dissolvens
390 2566 422 2622 et
449 2578 664 2645 expugnans.
690 2557 726 2621 ln
752 2554 942 2644 gymnasiis
968 2554 1056 2620 inter
1076 2554 1241 2620 exercita-

166 2682 278 2748 tiones
311 2681 512 2769 disceptatio
545 2679 742 2768 gerebatur,
775 2690 808 2745 et
837 2679 1086 2758 adolescentes,
1117 2701 1242 2768 pueros

167 2829 303 2896 quoque
331 2805 414 2872 adeo
444 2805 683 2871 commovebat
709 2816 741 2871 et
773 2804 993 2872 abstrahebat
1024 2814 1059 2870 ut
1090 2827 1191 2893 saepe
1223 2829 1242 2870 a
1276 2787 1278 2790 ,

169 2930 333 3018 magistro
362 2929 533 3019 gymnasii
561 2929 731 3018 prohibita
765 2939 866 2996 esset.
892 2931 942 2996 Ex
977 2928 1097 2996 iisdem
1128 2929 1242 2995 causis

167 3065 285 3121 contra
299 3077 417 3143 parum
436 3054 523 3141 grati
536 3053 661 3143 populo
682 3053 820 3120 luerunt
837 3064 870 3119 et
887 3053 1060 3143 sophistae
1076 3063 1109 3120 et
1123 3054 1242 3122 Socra-

166 3190 229 3253 tes,
252 3190 284 3246 et
305 3179 360 3246 hic
376 3180 410 3246 in
431 3178 575 3267 capitale
592 3178 761 3268 judicium
782 3179 923 3245 incurrit
937 3189 971 3245 et
991 3178 1037 3244 illi
1060 3202 1101 3244 ex
1122 3177 1241 3244 eodem

167 3304 319 3394 periculo
340 3326 443 3392 aegre
463 3313 661 3387 evaserunt,
679 3327 781 3393 saepe
801 3303 966 3370 lectiones
991 3314 1024 3370 et
1043 3303 1240 3392 disciplinas

167 3429 208 3496 de
222 3429 358 3519 politica
375 3428 437 3495 sub
452 3429 563 3517 speeie
579 3429 666 3496 alius
682 3430 872 3519 cujuspiam
889 3429 1050 3496 scientiae
1066 3429 1118 3494 vel
1134 3441 1243 3517 τέχνης

168 3555 384 3622 dissimulare
401 3555 521 3622 coacti.
544 3557 636 3644 lnter
657 3555 718 3621 has
735 3578 856 3621 causas
874 3554 1024 3621 notanda
1040 3564 1119 3620 sunt
1138 3579 1145 3620 ε
1168 3578 1243 3621 sus-

169 3681 256 3769 picio
273 3690 480 3746 secretarum
499 3680 623 3745 artium
644 3679 812 3767 (intellige
829 3679 993 3745 orationis
1014 3679 1191 3767 pellaciam
1210 3679 1242 3744 in

170 3805 373 3895 quibusdam
390 3816 424 3870 et
444 3806 711 3891 incantamenta)
728 3805 808 3871 olim
827 3805 957 3894 paucis,
977 3827 1067 3870 [ruric
1084 3803 1243 3869 omnibus

170 3932 252 3998 satis
272 3931 458 3997 nummatis
475 3929 674 4018 aSOphistis
687 3930 950 4017 impertitarum,
962 3952 1022 4017 per
1034 3952 1118 4016 quas
1134 3938 1243 4017 potes-

170 4067 221 4123 tas
238 4066 270 4122 et
290 4078 371 4144 opes
390 4055 492 4120 simul
512 4078 550 4121 ac
568 4054 707 4121 libertas
724 4054 899 4121 civitatum
915 4053 1012 4120 facile
1029 4053 1244 4143 subriperen-

170 4193 238 4262 tur,
259 4222 301 4232 -
314 4182 442 4249 invidia
453 4182 636 4248 eminentis
648 4181 856 4262 intellectus,
874 4181 1027 4247 inscitiae
1042 4204 1124 4247 suae
1136 4178 1244 4246 indul·
