2804 4814
609 283 786 349 ,63-

159 439 254 520 Quae
280 462 362 506 vero
383 438 539 528 exempla
566 438 648 505 liciti
669 439 773 529 hujus
808 436 990 504 mendacii·
1009 435 1106 502 Plato
1137 435 1235 503 nohis

159 562 331 652 praebet?
357 603 393 612 —
415 564 558 652 Nempe,
592 562 625 628 id
655 563 688 628 in
728 562 852 628 animis
879 559 1026 629 civitatis
1056 560 1235 627 custodum
1317 584 1320 588 ⁸

159 687 398 777 impressisse,
444 687 589 777 patriam
626 698 751 754 terram
790 710 871 753 vere
911 686 1137 774 genitricem¹
1177 688 1237 772 (ut

161 835 263 902 saepe·
292 812 440 902 apoctis
467 812 612 878 relatum
640 795 705 898 est)
740 821 772 878 et
799 812 1000 900 magistram
1024 833 1157 900 quoque
1187 810 1236 876 eis

160 937 268 1004 fuisse
289 937 443 1003 omnium
470 959 586 1003 rerum
608 959 695 1025 quac
716 935 909 1015 didicerint,
931 945 964 1002 et
987 936 1034 1002 ita
1058 957 1178 1001 omnes
1202 934 1236 1001 in

160 1061 298 1128 civitate
312 1060 435 1127 fratres
450 1083 540 1140 esse,
563 1061 622 1127 sed
638 1070 787 1127 tamena
808 1059 954 1127 diversis
982 1058 1128 1125 metallis
1157 1082 1237 1126 con·

161 1186 260 1252 llatos
281 1208 451 1275 porroque
465 1208 533 1252 non
556 1184 597 1251 ad
610 1184 727 1252 eadem
750 1185 867 1251 munia
886 1194 998 1264 natm,
1015 1184 1123 1250 —vel
1135 1183 1236 1250 etiam

161 1311 336 1377 neminem
357 1310 491 1377 felicem
521 1333 596 1377 csse
612 1333 712 1400 posse
741 1311 806 1376 nisi
835 1308 976 1376 bonum.
1008 1310 1102 1390 Quae
1123 1309 1239 1375 omnia
1287 1357 1288 1361 ,

162 1435 260 1501 nobis
301 1435 411 1522 magis
438 1434 673 1502 similitudinis
696 1434 867 1501 veridicae
905 1433 1083 1522 cujusdam
1116 1433 1238 1500 melius

163 1582 264 1647 quam
286 1560 437 1626 rationes
467 1561 502 1625 in
524 1560 647 1625 animis
668 1559 800 1626 debitos
828 1558 969 1626 affectus
990 1559 1236 1648 impressurae,

163 1706 263 1772 quam
287 1683 453 1750 mendacii
471 1685 619 1774 speciem
638 1683 776 1764 liabent,
790 1725 834 1734 —
846 1684 910 1750 nisi
934 1683 1019 1750 forte
1037 1683 1238 1772 intelligen-

163 1808 242 1875 dum
259 1809 445 1875 sitnullum
457 1809 619 1898 loquendi
635 1808 774 1876 modum
787 1833 854 1898 quo
864 1809 968 1875 veluti
981 1809 1092 1898 ligura
1101 1819 1239 1876 utamur

164 1935 197 2000 in
227 1934 485 2001 similitudinem
516 1958 617 2024 posse
647 1936 731 2002 verti
772 1935 853 2023 quin
891 1934 986 2024 prius
1017 1934 1058 2000 ad
1091 1935 1238 2002 litteram

165 2070 339 2148 acceptum
361 2059 462 2126 fuerit
484 2066 586 2149 (quae
603 2083 685 2126 saue
706 2060 875 2126 sententia
891 2059 948 2126 alti
961 2069 991 2126 et
1007 2060 1095 2126 acuti
1110 2060 1239 2148 ingenii

165 2189 241 2271 est).
259 2184 431 2273 Quidquid
452 2185 482 2250 id
502 2195 565 2264 est,
588 2185 717 2251 licitum
735 2194 768 2251 et
783 2207 851 2251 non
869 2185 1001 2251 licitum
1023 2185 1240 2252 mendacium

164 2310 341 2377 dissimilia
358 2310 447 2376 inter
465 2332 501 2376 se
527 2319 607 2375 sunt
627 2332 680 2389 co,
701 2310 791 2399 quod
810 2311 872 2376 hoc
894 2311 965 2376 sive
982 2310 1240 2377 voluntarium²

166 2434 236 2500 sive
271 2456 355 2513 non,
385 2434 521 2500 inscitia
551 2457 632 2500 vere
662 2445 714 2501 cst
749 2444 780 2501 et
817 2434 964 2502 fallacia.
1001 2435 1096 2503 Sicut
1134 2435 1237 2503 homo

166 2668 210 2751 ita
244 2684 461 2752 mendacium
503 2707 568 2773 quo
606 2684 710 2750 aliurn
750 2684 900 2751 fallimus
935 2685 1020 2751 nilril
1059 2685 1151 2752 aliud
1190 2696 1241 2753 est

166 2832 266 2898 quam
293 2809 463 2898 posterius
494 2809 671 2876 subortum
695 2810 915 2876 simulacrum
947 2814 1081 2898 (ὕστερον
1112 2823 1238 2899 γεγονὸς

167 2937 307 3019 εἴδωλον)
337 2933 427 3022 quod
449 2933 606 3000 affectum
634 2935 738 2999 animi
762 2935 870 3001 nostri
894 2957 929 3000 sc
957 2935 1068 3024 ipsum
1092 2934 1241 3001 fallentis

168 3059 338 3148 exprimit.
375 3059 481 3127 Sicuti
516 3059 661 3147 quadam
697 3059 895 3149 imperfecta
922 3059 1118 3148 cognitione
1146 3059 1240 3139 boni,

170 3183 259 3250 haud
287 3185 369 3250 satis
399 3185 593 3251 necessarie
628 3185 666 3251 ad
702 3184 830 3251 bonum
860 3184 1095 3274 peragendum
1124 3185 1241 3274 impel-

168 3307 283 3388 limur,
297 3310 356 3392 ita,
374 3332 416 3376 ex
440 3309 520 3376 boni
545 3319 579 3376 et
589 3311 661 3376 veri
682 3310 949 3399 propinquitate,
967 3311 1118 3398 cognitio
1140 3333 1243 3399 quac-

167 3433 243 3501 dam
279 3434 478 3524 imperfecta
499 3436 584 3514 veri,
606 3436 660 3502 vel
690 3436 827 3503 inscitia
864 3459 933 3503 non
962 3436 1013 3503 sui
1043 3437 1181 3502 conscia
1207 3437 1255 3502 in·

169 3559 284 3648 aliquo
300 3560 453 3640 homine,
471 3583 550 3627 eum
566 3571 678 3650 potest
694 3561 830 3628 efficere
846 3585 915 3628 non
927 3584 1104 3635 vcracem;
1123 3583 1190 3650 qtro
1206 3561 1243 3626 fit

168 3694 204 3751 ut
227 3684 388 3765 mendax,
409 3708 492 3764 non,
515 3695 551 3751 ut
577 3685 640 3752 sibi
669 3686 821 3766 confidit,
844 3709 922 3753 eum
950 3709 1050 3775 quem
1073 3685 1158 3752 fallit
1179 3685 1243 3752 hac
1274 3734 1276 3739 ·

168 3809 309 3876 scientia
325 3811 440 3877 vincat
461 3821 493 3878 et
513 3822 695 3900 exsuperet
711 3834 813 3900 quam
835 3811 863 3877 ei
884 3811 1084 3900 intercipiat.
1102 3812 1186 3876 Item
1208 3810 1242 3876 in

196 4016 206 4049 ¹
224 4017 317 4080 Resp,
330 4019 379 4080 111,
394 4021 440 4066 tlt
453 4018 479 4067 d.

197 4117 208 4149 ²
224 4117 319 4180 Resp.‚
334 4117 396 4179 Vll,
408 4121 453 4167 535
468 4131 498 4178 e;
509 4116 588 4180 -11,
599 4120 643 4165 382
655 4131 678 4166 a.
697 4111 730 4168 τὸ
750 4107 790 4179 ὡς
806 4102 927 4183 ἀληθῶς
944 4105 1063 4184 ψεῦδος.

198 4214 209 4248 ³
225 4214 299 4278 neg„
312 4216 333 4276 1,
348 4218 394 4264 aaa
406 4216 432 4266 a
