2804 4814
609 271 783 338 ..73-

157 428 222 494 nisi
252 426 433 516 quamdam
463 426 652 492 orationem
678 425 732 492 vel
756 428 915 492 allectum
943 424 1066 490 mentis
1087 433 1242 512 sequen

157 558 243 624 test.
277 552 444 619 Musicam
475 543 589 618 autem
621 561 656 617 ot
686 551 892 640 peculiarem
929 559 1037 616 artem
1066 557 1231 628 tractans,

158 677 333 763 (detractis
353 676 570 743 sermonibus
597 686 629 742 et
656 676 794 764 fabulis)
818 676 877 743 sed
901 686 1016 743 tamen
1041 674 1082 741 ad
1102 673 1232 753 cultum
1262 761 1264 765 y

159 802 263 868 animi
284 801 509 892 pertinentem
527 801 560 867 in
582 800 740 867 eumdem
763 800 901 867 modum
919 821 957 865 ac
981 798 1232 889 gymnasticam

159 927 199 993 ad
222 927 375 1016 corporis
392 927 535 1006 cultum,
548 926 645 992 Plato
665 949 708 992 ex
721 925 910 992 harmoniis
925 924 991 1010 (vel
1011 923 1134 1011 modis)
1149 924 1234 990 duas

158 1062 291 1119 tantum
312 1051 448 1126 retinet,
470 1061 507 1118 ut
528 1051 668 1117 minime
690 1051 851 1140 querulas
872 1051 927 1116 vel
943 1049 1063 1116 molles
1084 1059 1142 1115 aut
1163 1049 1234 1116 vio·

159 1177 282 1256 lentas,
311 1176 369 1243 sed
392 1175 598 1255 moderatas,
621 1198 723 1242 unam
742 1198 819 1242 com
846 1174 969 1241 affectu
990 1183 1024 1240 et
1050 1183 1140 1240 statu
1170 1173 1233 1238 viri

159 1301 256 1368 fortis
284 1300 436 1390 pericula
469 1301 660 1390 oppetentia
689 1309 952 1389 congruentem,
981 1299 1122 1376 alteram
1156 1320 1233 1364 cum

160 1427 222 1492 viri
247 1426 410 1515 sapientis
431 1426 565 1492 mitiore
591 1424 741 1506 fortuna,
763 1425 930 1504 docentis,
952 1424 1095 1503 orantis,
1120 1423 1234 1490 admo·

160 1549 310 1629 nentis23
329 1572 370 1615 ex
395 1549 629 1615 instrumentis
656 1559 786 1615 tantum
814 1549 922 1638 lyram
949 1557 982 1614 et
1006 1546 1172 1613 citharam
1193 1545 1234 1612 ad

161 1696 261 1740 osum
289 1672 514 1752 urbanorum,
544 1673 692 1740 fistulam
724 1673 918 1762 pastoribus
939 1671 1109 1739 idoneam.
1132 1670 1234 1759 Atqui

161 1818 242 1866 sane
271 1798 318 1865 ita
347 1797 569 1886 intelligenda
601 1809 651 1865 est
679 1794 764 1865 haec
792 1798 923 1864 musica
948 1821 1016 1865 non
1042 1807 1079 1864 ut
1107 1795 1234 1885 aliquid

161 1933 258 1992 extra
286 1945 504 1989 communem
526 1924 615 1990 vitae
641 1946 795 2002 cursum,
814 1922 873 1990 sed
898 1934 933 1989 ut
960 1945 1125 1989 numerus
1154 1921 1235 2010 qui-

160 2048 237 2115 dam
258 2047 449 2114 orationem
479 2048 533 2114 vel
561 2058 696 2136 gestum
728 2058 760 2114 et
786 2048 956 2114 incessum
987 2057 1182 2137 temperans
1202 2057 1235 2114 et

161 2173 194 2238 in
221 2172 404 2262 quemdam
432 2173 594 2240 decorum
623 2183 761 2240 cantum
786 2173 841 2239 vel
867 2173 992 2239 seriam
1018 2172 1233 2239 saltationem

162 2320 201 2364 ea
216 2307 366 2364 vertens

207 2421 428 2512 Reipublicae
462 2422 618 2512 scriptori
648 2432 763 2489 tamen
798 2423 887 2489 haud
921 2423 1036 2511 magni
1071 2422 1234 2489 momenti

123 2627 125 2630 y
163 2549 286 2614 artium
311 2570 413 2637 opera
436 2570 511 2614 esse
537 2558 693 2637 possunt,
710 2549 774 2614 nisi
803 2558 895 2617 arcte
924 2571 1000 2615 oum
1025 2548 1176 2615 moribus
1203 2557 1236 2613 et

163 2673 289 2739 eximia
314 2672 451 2740 virtutis
479 2683 551 2738 arte
580 2696 749 2753 connexa,
778 2697 946 2763 —quum
978 2674 1115 2763 puriore
1142 2682 1235 2762 parte

163 2821 295 2877 earum,
321 2808 439 2887 utputa
459 2799 624 2878 musicae,
648 2799 872 2889 philosophus
893 2823 931 2866 ac
955 2810 1068 2866 costos
1089 2798 1236 2865 civitatis

164 2946 263 3012 quem
285 2923 381 2989 Plato
400 2922 633 3003 informet,ad
649 2924 831 2991 caelestem
849 2923 1030 3013 quamdam
1051 2923 1235 2990 mathema·

163 3048 263 3113 ticam
292 3071 328 3113 se
353 3046 493 3112 extollat
519 3070 605 3136 qnae
627 3048 731 3114 veluti
755 3049 967 3138 prooemium
995 3058 1045 3114 est
1074 3047 1236 3115 scientiae

165 3193 277 3237 overe
307 3171 516 3238 existentis»
549 3182 582 3238 et
608 3173 739 3262 optimi.
771 3175 812 3239 Et
844 3172 981 3262 quidem
1016 3171 1236 3262 philosophos

164 3294 323 3374 institnit,
351 3318 419 3361 non
450 3303 608 3383 φιληκὸους
641 3307 673 3362 et
709 3305 923 3384 φιλοθεαμόνας
959 3296 1083 3364 choros
1116 3319 1236 3363 omnes

163 3430 423 3499 concursantes,
445 3421 666 3509 pulchrorum
693 3422 847 3488 colorum
877 3432 935 3488 aot
964 3422 1151 3510 figurarum
1180 3432 1237 3488 aut

164 3568 285 3612 vocum
310 3544 464 3634 cupidoS,
491 3545 622 3634 pulchri
642 3556 753 3612 autem
781 3570 840 3636 per
864 3570 899 3613 se
917 3557 1058 3613 naturae
1083 3547 1234 3636 ignaros.
1296 3554 1300 3564 '

163 3711 206 3720 —
226 3672 263 3736 ln
293 3670 443 3758 Legibus
465 3680 576 3736 autom
598 3671 756 3737 homines
785 3673 881 3760 quasi
903 3672 944 3738 tle
971 3669 1081 3737 medio
1111 3674 1236 3761 sumpti

164 3795 301 3861 fortuna
331 3794 475 3882 quadam
508 3795 659 3861 fruentes
693 3795 827 3884 legibus
860 3805 892 3861 et
924 3796 1089 3862 institutis
1122 3796 1237 3863 forsan

194 4095 203 4129 ¹
222 4096 316 4160 Resp,
330 4097 377 4159 111,
390 4101 436 4145 400
449 4096 474 4146 d.

195 4196 205 4230 ²
222 4196 315 4260 Resp.‚
330 4195 378 4256 ΙΙΙ,
390 4198 435 4244 399
451 4208 493 4243 a.-
