2804 4814
568 283 748 344 „47-

118 434 214 514 lude,
235 433 505 524 philosophicam
527 434 777 502 institutionem
808 444 845 501 ut
870 458 911 500 ex
938 434 1086 501 amicitia
1100 457 1193 523 erga

118 561 225 638 cives,
254 558 454 637 familiareS,
481 558 744 625 contubernales
767 560 1037 649 proticiscentem
1058 581 1193 648 reprae-

118 694 242 763 sentat,
278 682 405 749 addens
436 683 575 772 insuper
606 685 848 751 similitudines
876 683 1029 751 docentis
1063 694 1095 750 et
1127 683 1194 750 dis-

118 809 249 888 centiS,
286 809 531 897 interrogantis
562 819 594 875 et
622 809 862 899 respondentis
890 832 968 875 cum
998 808 1133 875 letifero
1162 817 1195 875 et

118 944 330 1024 praegnante
365 932 418 999 vel
446 955 524 999 cum
563 932 744 1000 obstetrice
779 943 812 1000 et
835 933 1046 1023 parturiente
1070 932 1194 1021 quibus

121 1059 279 1128 Socrates
305 1057 353 1124 uti
385 1056 529 1128 solebat.
548 1058 671 1124 Postea
694 1059 872 1125 Platonem
889 1057 1095 1137 videbimus,
1114 1057 1194 1125 dum

119 1184 291 1274 propriam
312 1183 413 1250 struit
427 1181 632 1264 doctrinam,
654 1184 826 1274 politicam
848 1185 895 1250 ita
911 1194 1138 1250 renovantem
1160 1194 1196 1251 ut

121 1332 203 1375 vera
223 1308 458 1398 philosophiae
482 1307 661 1398 disciplina
680 1309 820 1375 incivili
838 1330 981 1398 corpore
1001 1308 1196 1376 necessaria

122 1434 235 1522 aliqua
255 1455 333 1522 pars
347 1432 435 1498 lacta
451 1432 505 1499 sit.
564 1491 565 1494 ,

165 1558 214 1625 Ad
240 1557 430 1625 doctrinam
452 1557 604 1624 Platonis
624 1558 665 1625 de
681 1558 823 1648 pulchro
841 1580 932 1624 nunc
953 1557 1197 1638 deducti‚hanc

49 1721 51 1724 ·
123 1683 254 1772 pulchri
277 1683 445 1748 rationem
469 1682 576 1749 veluti
603 1683 751 1749 Arianae
776 1683 870 1750 filum
900 1684 1053 1773 accipere
1078 1706 1197 1774 possu-
1224 1666 1226 1673 ‚

124 1831 214 1888 muS,
233 1807 431 1874 Platonicae
448 1807 649 1896 disciplinae
666 1807 797 1899 sylvam
814 1819 846 1875 et
866 1808 1054 1897 penetralia
1070 1808 1197 1875 adeun·

123 1945 186 2002 tes.
209 1937 247 2003 ln
269 1957 309 2000 ea
331 1934 479 2000 maxime
496 1934 706 2001 conveniunt
726 1944 759 2001 et
776 1945 971 2024 congruunt
985 1946 1018 2003 et
1038 1937 1196 2003 materies

123 2061 197 2149 ipsa
220 2058 395 2126 doctrinae
419 2069 453 2124 et
474 2059 618 2147 species,
636 2082 740 2148 quum
761 2069 832 2126 tota
858 2060 1026 2149 imprimis
1043 2071 1198 2128 versetur

123 2184 299 2251 Platonica
313 2184 481 2263 doctrina,
498 2207 567 2249 non
588 2184 635 2250 ita
650 2206 793 2273 poeseos
809 2184 999 2264 dissimilis,
1021 2185 1055 2251 in
1071 2186 1165 2274 patel
1186 2227 1198 2237 ·

123 2307 244 2375 ciendo
273 2308 560 2398 pulchritudinem
592 2309 684 2375 illam
718 2332 833 2376 rerum
862 2310 1078 2399 praecipuam
1110 2334 1197 2400 quae

123 2443 257 2502 constat
273 2458 313 2501 ex
335 2457 375 2501 eo
392 2433 482 2522 quod
499 2457 596 2501 mens
610 2445 644 2500 et
660 2458 720 2500 eae
735 2458 790 2502 res
802 2458 888 2524 quae
900 2434 941 2501 ad
959 2446 1107 2502 mentem
1124 2438 1197 2503 atti-

124 2570 218 2639 nent,
231 2559 364 2648 corpori
378 2568 410 2625 et
423 2559 464 2625 iis
480 2559 583 2626 rebus
599 2582 686 2648 quae
703 2559 744 2626 ad
760 2583 884 2650 corpus
901 2561 1058 2641 attinent,
1077 2585 1198 2651 praes-

124 2694 208 2760 tant,
230 2694 331 2774 atque
345 2707 405 2751 eae
426 2707 480 2752 res
501 2708 588 2774 quae
609 2686 821 2752 aeternitatis
841 2687 1021 2776 participes
1042 2697 1134 2766 sunt,
1157 2688 1198 2753 iis

18 2905 19 2911 ἵ
124 2809 284 2876 omnibus
303 2832 390 2898 quae
405 2808 517 2877 lluunt
533 2819 566 2876 et
580 2820 736 2899 pereunt.

169 3065 201 3128 2.
221 3100 262 3110 -—
283 3059 382 3127 Haud
405 3081 526 3148 parum
541 3059 701 3126 dissentit
723 3060 809 3126 ratio
825 3059 957 3148 pulchri
980 3059 1067 3149 apud
1088 3060 1198 3128 Plato-

126 3208 204 3251 nem
219 3184 260 3250 ab
274 3185 337 3252 hac
351 3185 537 3252 aesthetica
557 3208 660 3273 quam
681 3195 836 3251 nostrum
854 3208 975 3251 aevum
997 3185 1088 3252 colit.
1101 3186 1199 3275 Apud

125 3319 276 3392 nostros,
292 3309 319 3375 si
336 3309 377 3376 de
397 3309 539 3399 pulchro
559 3308 701 3376 verbum
719 3308 837 3389 facias,
854 3318 1053 3398 exspectant
1072 3332 1200 3376 sermo-

127 3456 204 3501 nem
230 3433 271 3509 de
298 3443 477 3501 venustate
503 3434 644 3522 quaein
669 3433 771 3500 rebus
797 3435 869 3500 sive
891 3444 1013 3501 natura
1036 3435 1109 3524 ipsa
1128 3436 1201 3502 sive

127 3558 287 3648 opiticum
315 3570 387 3625 arte
408 3558 564 3625 conflatis
584 3559 688 3638 lucet,
716 3558 757 3624 de
788 3559 845 3626 illo
863 3559 984 3626 affectu
1006 3583 1107 3649 quem
1130 3560 1202 3627 sive

128 3683 275 3751 artifices
292 3684 364 3751 sive
379 3694 499 3773 poetae
520 3683 642 3750 elicere
661 3695 817 3763 suerunt,
838 3684 1002 3773 voluptati
1024 3685 1202 3752 oculorum

127 3809 181 3875 vel
198 3808 333 3876 aurium
349 3808 589 3875 inservientes.
606 3808 676 3874 Illis
693 3831 774 3875 vero
791 3808 1058 3876 Atheniensibus
1078 3808 1203 3877 exculti

128 3932 258 4021 ingenii
287 3955 372 4022 quos
405 3955 483 4000 cum
518 3933 657 4001 Socrate
686 3932 899 4023 disputantes
927 3934 1024 4000 Plato
1054 3934 1203 4015 inducit,

128 4067 264 4146 praeter
287 4080 481 4125 sermonem
508 4057 550 4123 de
578 4057 669 4123 civili
691 4058 829 4146 negotio
858 4069 915 4125 aut
932 4058 1072 4139 virtute,
1097 4082 1204 4149 paene

127 4181 260 4248 nullum
300 4181 391 4249 aliud
423 4181 711 4248 oblectamentum
748 4183 806 4249 otii
837 4183 979 4272 dignum
1014 4184 1145 4251 liberali
1174 4194 1205 4251 et

1098 4314 1112 4359 2
