<?xml version="1.0" encoding="UTF-8"?>
<!DOCTYPE html PUBLIC "-//W3C//DTD XHTML 1.0 Transitional//EN"
    "http://www.w3.org/TR/xhtml1/DTD/xhtml1-transitional.dtd">
<html xmlns="http://www.w3.org/1999/xhtml" xml:lang="en" lang="en">
 <head>
  <title>
</title>
<meta http-equiv="Content-Type" content="text/html;charset=utf-8" />
  <meta name='ocr-system' content='tesseract 3.04.00' />
  <meta name='ocr-capabilities' content='ocr_page ocr_carea ocr_par ocr_line ocrx_word'/>
</head>
<body>
  <div class='ocr_page' id='page_1' title='image "./quaesitdoctrina00prgoog_0024.png"; bbox 0 0 2804 4814; ppageno 0'>
   <div class='ocr_carea' id='block_1_1' title="bbox 601 313 754 379">
    <p class='ocr_par' dir='ltr' id='par_1_1' title="bbox 601 313 754 379">
     <span class='ocr_line' id='line_1_1' title="bbox 601 313 754 379; baseline -0.007 -19"><span class='ocrx_word' id='word_1_1' title='bbox 601 313 754 379; x_wconf 66' lang='lat'>..3-</span> 
     </span>
    </p>
   </div>
   <div class='ocr_carea' id='block_1_2' title="bbox 125 459 1220 3676">
    <p class='ocr_par' dir='ltr' id='par_1_2' title="bbox 138 459 1220 2426">
     <span class='ocr_line' id='line_1_2' title="bbox 139 459 1213 556; baseline -0.005 -24"><span class='ocrx_word' id='word_1_2' title='bbox 139 466 294 556; x_wconf 81' lang='lat' dir='ltr'>magistri</span> <span class='ocrx_word' id='word_1_3' title='bbox 311 474 430 533; x_wconf 86' lang='lat' dir='ltr'>exacta</span> <span class='ocrx_word' id='word_1_4' title='bbox 441 465 532 532; x_wconf 90' lang='lat' dir='ltr'>illius</span> <span class='ocrx_word' id='word_1_5' title='bbox 548 488 728 556; x_wconf 84' lang='lat' dir='ltr'>personam</span> <span class='ocrx_word' id='word_1_6' title='bbox 746 475 779 532; x_wconf 90' lang='lat' dir='ltr'>et</span> <span class='ocrx_word' id='word_1_7' title='bbox 793 475 897 532; x_wconf 89' lang='lat' dir='ltr'>totam</span> <span class='ocrx_word' id='word_1_8' title='bbox 916 463 1044 553; x_wconf 81' lang='lat' dir='ltr'>ingenii</span> <span class='ocrx_word' id='word_1_9' title='bbox 1065 459 1213 528; x_wconf 83' lang='lat' dir='ltr'>indolem</span> 
     </span>
     <span class='ocr_line' id='line_1_3' title="bbox 138 586 1212 680; baseline -0.005 -22"><span class='ocrx_word' id='word_1_10' title='bbox 138 591 224 658; x_wconf 90' lang='lat' dir='ltr'>hene</span> <span class='ocrx_word' id='word_1_11' title='bbox 256 601 369 658; x_wconf 94' lang='lat' dir='ltr'>mente</span> <span class='ocrx_word' id='word_1_12' title='bbox 389 590 589 680; x_wconf 84' lang='lat' dir='ltr'>complexus</span> <span class='ocrx_word' id='word_1_13' title='bbox 614 590 699 670; x_wconf 87' lang='lat' dir='ltr'>luit,</span> <span class='ocrx_word' id='word_1_14' title='bbox 730 590 841 655; x_wconf 92' lang='lat' dir='ltr'>minus</span> <span class='ocrx_word' id='word_1_15' title='bbox 870 588 975 653; x_wconf 91' lang='lat' dir='ltr'>vitam</span> <span class='ocrx_word' id='word_1_16' title='bbox 1000 591 1075 676; x_wconf 85' lang='lat' dir='ltr'>ejus</span> <span class='ocrx_word' id='word_1_17' title='bbox 1103 586 1212 675; x_wconf 88' lang='lat' dir='ltr'>qualis</span> 
     </span>
     <span class='ocr_line' id='line_1_4' title="bbox 138 713 1215 806; baseline -0.006 -24"><span class='ocrx_word' id='word_1_18' title='bbox 138 739 218 782; x_wconf 87' lang='lat' dir='ltr'>vere</span> <span class='ocrx_word' id='word_1_19' title='bbox 243 716 307 782; x_wconf 90' lang='lat' dir='ltr'>luit</span> <span class='ocrx_word' id='word_1_20' title='bbox 335 717 548 806; x_wconf 80' lang='lat' dir='ltr'>exposuisse,</span> <span class='ocrx_word' id='word_1_21' title='bbox 574 738 674 804; x_wconf 90' lang='lat' dir='ltr'>quam</span> <span class='ocrx_word' id='word_1_22' title='bbox 714 715 805 780; x_wconf 89' lang='lat' dir='ltr'>illam</span> <span class='ocrx_word' id='word_1_23' title='bbox 841 715 929 779; x_wconf 89' lang='lat' dir='ltr'>inter</span> <span class='ocrx_word' id='word_1_24' title='bbox 968 713 1141 781; x_wconf 76' lang='lat' dir='ltr'>Socratem</span> <span class='ocrx_word' id='word_1_25' title='bbox 1182 719 1215 777; x_wconf 89' lang='lat' dir='ltr'>et</span> 
     </span>
     <span class='ocr_line' id='line_1_5' title="bbox 139 837 1215 930; baseline -0.007 -21"><span class='ocrx_word' id='word_1_26' title='bbox 139 841 316 930; x_wconf 90' lang='lat' dir='ltr'>Sophistas</span> <span class='ocrx_word' id='word_1_27' title='bbox 349 841 468 907; x_wconf 90' lang='lat' dir='ltr'>miram</span> <span class='ocrx_word' id='word_1_28' title='bbox 503 841 558 928; x_wconf 86' lang='lat' dir='ltr'>(ex</span> <span class='ocrx_word' id='word_1_29' title='bbox 586 863 648 907; x_wconf 92' lang='lat' dir='ltr'>sua</span> <span class='ocrx_word' id='word_1_30' title='bbox 687 839 869 925; x_wconf 90' lang='lat' dir='ltr'>sententia)</span> <span class='ocrx_word' id='word_1_31' title='bbox 903 837 1215 903; x_wconf 75' lang='lat' dir='ltr'>dissimilitudinem</span> 
     </span>
     <span class='ocr_line' id='line_1_6' title="bbox 139 963 1217 1055; baseline -0.005 -23"><span class='ocrx_word' id='word_1_32' title='bbox 139 977 281 1033; x_wconf 89' lang='lat' dir='ltr'>naturae</span> <span class='ocrx_word' id='word_1_33' title='bbox 302 976 335 1032; x_wconf 90' lang='lat' dir='ltr'>et</span> <span class='ocrx_word' id='word_1_34' title='bbox 354 966 498 1032; x_wconf 92' lang='lat' dir='ltr'>rationis</span> <span class='ocrx_word' id='word_1_35' title='bbox 523 976 557 1032; x_wconf 92' lang='lat' dir='ltr'>et</span> <span class='ocrx_word' id='word_1_36' title='bbox 572 966 735 1055; x_wconf 91' lang='lat' dir='ltr'>propositi</span> <span class='ocrx_word' id='word_1_37' title='bbox 754 964 979 1031; x_wconf 89' lang='lat' dir='ltr'>illustravisse</span> <span class='ocrx_word' id='word_1_38' title='bbox 1005 963 1116 1052; x_wconf 89' lang='lat' dir='ltr'>specie</span> <span class='ocrx_word' id='word_1_39' title='bbox 1135 985 1217 1029; x_wconf 90' lang='lat' dir='ltr'>con-</span> 
     </span>
     <span class='ocr_line' id='line_1_7' title="bbox 138 1088 1217 1179; baseline -0.005 -21"><span class='ocrx_word' id='word_1_40' title='bbox 138 1093 225 1159; x_wconf 90' lang='lat' dir='ltr'>tinui</span> <span class='ocrx_word' id='word_1_41' title='bbox 253 1091 450 1159; x_wconf 91' lang='lat' dir='ltr'>certaminis</span> <span class='ocrx_word' id='word_1_42' title='bbox 477 1114 496 1158; x_wconf 92' lang='lat' dir='ltr'>a</span> <span class='ocrx_word' id='word_1_43' title='bbox 525 1092 663 1160; x_wconf 91' lang='lat' dir='ltr'>Socrate</span> <span class='ocrx_word' id='word_1_44' title='bbox 681 1091 846 1157; x_wconf 87' lang='lat' dir='ltr'>adversus</span> <span class='ocrx_word' id='word_1_45' title='bbox 872 1089 1042 1179; x_wconf 89' lang='lat' dir='ltr'>sophistas</span> <span class='ocrx_word' id='word_1_46' title='bbox 1069 1088 1217 1178; x_wconf 89' lang='lat' dir='ltr'>suscepti</span> 
     </span>
     <span class='ocr_line' id='line_1_8' title="bbox 141 1214 1218 1307; baseline -0.005 -23"><span class='ocrx_word' id='word_1_47' title='bbox 141 1228 177 1284; x_wconf 92' lang='lat' dir='ltr'>ut</span> <span class='ocrx_word' id='word_1_48' title='bbox 196 1215 370 1307; x_wconf 82' lang='lat' dir='ltr'>praecipui</span> <span class='ocrx_word' id='word_1_49' title='bbox 391 1216 544 1282; x_wconf 88' lang='lat' dir='ltr'>muneris</span> <span class='ocrx_word' id='word_1_50' title='bbox 565 1217 620 1282; x_wconf 90' lang='lat' dir='ltr'>cui</span> <span class='ocrx_word' id='word_1_51' title='bbox 640 1216 746 1282; x_wconf 90' lang='lat' dir='ltr'>vitam</span> <span class='ocrx_word' id='word_1_52' title='bbox 773 1238 869 1281; x_wconf 90' lang='lat' dir='ltr'>suam</span> <span class='ocrx_word' id='word_1_53' title='bbox 890 1214 1099 1281; x_wconf 80' lang='lat' dir='ltr'>devovisset.</span> <span class='ocrx_word' id='word_1_54' title='bbox 1123 1214 1218 1294; x_wconf 82' lang='lat' dir='ltr'>Quae</span> 
     </span>
     <span class='ocr_line' id='line_1_9' title="bbox 140 1339 1219 1428; baseline -0.004 -21"><span class='ocrx_word' id='word_1_55' title='bbox 140 1363 274 1408; x_wconf 92' lang='lat' dir='ltr'>morum</span> <span class='ocrx_word' id='word_1_56' title='bbox 289 1350 322 1407; x_wconf 95' lang='lat' dir='ltr'>et</span> <span class='ocrx_word' id='word_1_57' title='bbox 339 1340 468 1428; x_wconf 82' lang='lat' dir='ltr'>ingenii</span> <span class='ocrx_word' id='word_1_58' title='bbox 481 1340 724 1407; x_wconf 83' lang='lat' dir='ltr'>dissimilitudo</span> <span class='ocrx_word' id='word_1_59' title='bbox 745 1362 827 1406; x_wconf 92' lang='lat' dir='ltr'>sane</span> <span class='ocrx_word' id='word_1_60' title='bbox 844 1361 970 1428; x_wconf 82' lang='lat' dir='ltr'>magna</span> <span class='ocrx_word' id='word_1_61' title='bbox 988 1339 1075 1405; x_wconf 89' lang='lat' dir='ltr'>inter</span> <span class='ocrx_word' id='word_1_62' title='bbox 1091 1360 1168 1405; x_wconf 91' lang='lat' dir='ltr'>eum</span> <span class='ocrx_word' id='word_1_63' title='bbox 1186 1347 1219 1404; x_wconf 94' lang='lat' dir='ltr'>et</span> 
     </span>
     <span class='ocr_line' id='line_1_10' title="bbox 140 1460 1219 1554; baseline -0.004 -22"><span class='ocrx_word' id='word_1_64' title='bbox 140 1466 216 1533; x_wconf 89' lang='lat' dir='ltr'>illos</span> <span class='ocrx_word' id='word_1_65' title='bbox 253 1463 436 1554; x_wconf 83' lang='lat' dir='ltr'>apparebat</span> <span class='ocrx_word' id='word_1_66' title='bbox 468 1488 476 1530; x_wconf 77' lang='grc' dir='ltr'><strong><em>ε</em></strong></span> <span class='ocrx_word' id='word_1_67' title='bbox 507 1464 586 1531; x_wconf 92' lang='lat' dir='ltr'>hino</span> <span class='ocrx_word' id='word_1_68' title='bbox 622 1475 720 1531; x_wconf 88' lang='lat' dir='ltr'>vetus</span> <span class='ocrx_word' id='word_1_69' title='bbox 753 1463 971 1531; x_wconf 80' lang='lat' dir='ltr'>Atheniensis</span> <span class='ocrx_word' id='word_1_70' title='bbox 1006 1486 1087 1529; x_wconf 92' lang='lat' dir='ltr'>suae</span> <span class='ocrx_word' id='word_1_71' title='bbox 1124 1460 1219 1528; x_wconf 93' lang='lat' dir='ltr'>urhis</span> 
     </span>
     <span class='ocr_line' id='line_1_11' title="bbox 141 1587 1219 1677; baseline -0.003 -20"><span class='ocrx_word' id='word_1_72' title='bbox 141 1590 411 1668; x_wconf 88' lang='lat' dir='ltr'>amantissimus,</span> <span class='ocrx_word' id='word_1_73' title='bbox 442 1590 658 1677; x_wconf 82' lang='lat' dir='ltr'>negotiorum</span> <span class='ocrx_word' id='word_1_74' title='bbox 699 1611 839 1655; x_wconf 92' lang='lat' dir='ltr'>suorum</span> <span class='ocrx_word' id='word_1_75' title='bbox 870 1589 916 1655; x_wconf 93' lang='lat' dir='ltr'>nil</span> <span class='ocrx_word' id='word_1_76' title='bbox 955 1611 1079 1655; x_wconf 90' lang='lat' dir='ltr'>curans</span> <span class='ocrx_word' id='word_1_77' title='bbox 1119 1587 1219 1654; x_wconf 93' lang='lat' dir='ltr'>modo</span> 
     </span>
     <span class='ocr_line' id='line_1_12' title="bbox 141 1712 1219 1805; baseline -0.005 -22"><span class='ocrx_word' id='word_1_78' title='bbox 141 1726 255 1805; x_wconf 89' lang='lat' dir='ltr'>posset</span> <span class='ocrx_word' id='word_1_79' title='bbox 277 1714 436 1781; x_wconf 91' lang='lat' dir='ltr'>meliores</span> <span class='ocrx_word' id='word_1_80' title='bbox 459 1713 600 1780; x_wconf 89' lang='lat' dir='ltr'>reddere</span> <span class='ocrx_word' id='word_1_81' title='bbox 621 1715 713 1780; x_wconf 90' lang='lat' dir='ltr'>cives</span> <span class='ocrx_word' id='word_1_82' title='bbox 731 1736 812 1780; x_wconf 94' lang='lat' dir='ltr'>suos</span> <span class='ocrx_word' id='word_1_83' title='bbox 829 1713 923 1793; x_wconf 90' lang='lat' dir='ltr'>nulla</span> <span class='ocrx_word' id='word_1_84' title='bbox 939 1712 1108 1792; x_wconf 81' lang='lat' dir='ltr'>mercede,</span> <span class='ocrx_word' id='word_1_85' title='bbox 1128 1712 1219 1778; x_wconf 90' lang='lat' dir='ltr'>illinc</span> 
     </span>
     <span class='ocr_line' id='line_1_13' title="bbox 142 1836 1220 1928; baseline -0.007 -19"><span class='ocrx_word' id='word_1_86' title='bbox 142 1839 321 1928; x_wconf 87' lang='lat' dir='ltr'>Sophistae</span> <span class='ocrx_word' id='word_1_87' title='bbox 344 1839 452 1926; x_wconf 85' lang='lat' dir='ltr'>magis</span> <span class='ocrx_word' id='word_1_88' title='bbox 468 1838 632 1905; x_wconf 85' lang='lat' dir='ltr'>Graeciae</span> <span class='ocrx_word' id='word_1_89' title='bbox 651 1860 753 1926; x_wconf 84' lang='lat' dir='ltr'>quam</span> <span class='ocrx_word' id='word_1_90' title='bbox 772 1837 874 1925; x_wconf 85' lang='lat' dir='ltr'>hujus</span> <span class='ocrx_word' id='word_1_91' title='bbox 891 1836 945 1902; x_wconf 87' lang='lat' dir='ltr'>vel</span> <span class='ocrx_word' id='word_1_92' title='bbox 960 1837 1052 1902; x_wconf 92' lang='lat' dir='ltr'>illius</span> <span class='ocrx_word' id='word_1_93' title='bbox 1073 1836 1220 1902; x_wconf 89' lang='lat' dir='ltr'>civitatis</span> 
     </span>
     <span class='ocr_line' id='line_1_14' title="bbox 144 1961 1219 2051; baseline -0.001 -22"><span class='ocrx_word' id='word_1_94' title='bbox 144 1963 288 2042; x_wconf 87' lang='lat' dir='ltr'>incolae,</span> <span class='ocrx_word' id='word_1_95' title='bbox 308 1963 409 2029; x_wconf 90' lang='lat' dir='ltr'>etiarn</span> <span class='ocrx_word' id='word_1_96' title='bbox 431 1963 567 2051; x_wconf 84' lang='lat' dir='ltr'>generis</span> <span class='ocrx_word' id='word_1_97' title='bbox 589 1962 729 2027; x_wconf 92' lang='lat' dir='ltr'>humani</span> <span class='ocrx_word' id='word_1_98' title='bbox 747 1961 873 2041; x_wconf 73' lang='lat' dir='ltr'>civesl,</span> <span class='ocrx_word' id='word_1_99' title='bbox 896 1984 957 2028; x_wconf 89' lang='lat' dir='ltr'>nec</span> <span class='ocrx_word' id='word_1_100' title='bbox 973 1962 1046 2027; x_wconf 93' lang='lat' dir='ltr'>siue</span> <span class='ocrx_word' id='word_1_101' title='bbox 1064 1961 1219 2028; x_wconf 91' lang='lat' dir='ltr'>mercede</span> 
     </span>
     <span class='ocr_line' id='line_1_15' title="bbox 145 2085 1220 2176; baseline -0.002 -22"><span class='ocrx_word' id='word_1_102' title='bbox 145 2089 346 2155; x_wconf 90' lang='lat' dir='ltr'>itinerantes</span> <span class='ocrx_word' id='word_1_103' title='bbox 369 2099 401 2154; x_wconf 92' lang='lat' dir='ltr'>et</span> <span class='ocrx_word' id='word_1_104' title='bbox 433 2087 633 2176; x_wconf 91' lang='lat' dir='ltr'>sapientiam</span> <span class='ocrx_word' id='word_1_105' title='bbox 665 2086 851 2166; x_wconf 77' lang='lat' dir='ltr'>tradenteS,</span> <span class='ocrx_word' id='word_1_106' title='bbox 874 2086 963 2175; x_wconf 90' lang='lat' dir='ltr'>quod</span> <span class='ocrx_word' id='word_1_107' title='bbox 994 2085 1092 2152; x_wconf 85' lang='lat' dir='ltr'>facile</span> <span class='ocrx_word' id='word_1_108' title='bbox 1127 2087 1220 2152; x_wconf 85' lang='lat' dir='ltr'>ineu·-</span> 
     </span>
     <span class='ocr_line' id='line_1_16' title="bbox 142 2210 1219 2290; baseline -0.004 -10"><span class='ocrx_word' id='word_1_109' title='bbox 142 2223 236 2280; x_wconf 90' lang='lat' dir='ltr'>satur</span> <span class='ocrx_word' id='word_1_110' title='bbox 268 2224 301 2280; x_wconf 89' lang='lat' dir='ltr'>et</span> <span class='ocrx_word' id='word_1_111' title='bbox 334 2213 506 2279; x_wconf 92' lang='lat' dir='ltr'>irridetur.</span> <span class='ocrx_word' id='word_1_112' title='bbox 526 2213 603 2280; x_wconf 93' lang='lat' dir='ltr'>Uno</span> <span class='ocrx_word' id='word_1_113' title='bbox 628 2210 746 2290; x_wconf 90' lang='lat' dir='ltr'>verbo,</span> <span class='ocrx_word' id='word_1_114' title='bbox 777 2211 831 2277; x_wconf 92' lang='lat' dir='ltr'>uhi</span> <span class='ocrx_word' id='word_1_115' title='bbox 862 2211 1104 2278; x_wconf 80' lang='lat' dir='ltr'>dissimilitudo</span> <span class='ocrx_word' id='word_1_116' title='bbox 1133 2220 1219 2290; x_wconf 90' lang='lat' dir='ltr'>erat,</span> 
     </span>
     <span class='ocr_line' id='line_1_17' title="bbox 143 2338 556 2426; baseline -0.002 -21"><span class='ocrx_word' id='word_1_117' title='bbox 143 2348 316 2406; x_wconf 89' lang='lat' dir='ltr'>certamen</span> <span class='ocrx_word' id='word_1_118' title='bbox 333 2339 430 2406; x_wconf 92' lang='lat' dir='ltr'>Plato</span> <span class='ocrx_word' id='word_1_119' title='bbox 447 2338 556 2426; x_wconf 84' lang='lat' dir='ltr'>fingit.</span> 
     </span>
    </p>

    <p class='ocr_par' dir='ltr' id='par_1_3' title="bbox 125 2461 1219 3676">
     <span class='ocr_line' id='line_1_18' title="bbox 186 2461 1219 2551; baseline 0 -23"><span class='ocrx_word' id='word_1_120' title='bbox 186 2464 227 2529; x_wconf 87' lang='lat' dir='ltr'>Et</span> <span class='ocrx_word' id='word_1_121' title='bbox 250 2472 342 2530; x_wconf 89' lang='lat' dir='ltr'>certe</span> <span class='ocrx_word' id='word_1_122' title='bbox 363 2463 528 2551; x_wconf 87' lang='lat' dir='ltr'>quosdam</span> <span class='ocrx_word' id='word_1_123' title='bbox 546 2462 776 2551; x_wconf 83' lang='lat' dir='ltr'>sophistarum</span> <span class='ocrx_word' id='word_1_124' title='bbox 798 2470 950 2551; x_wconf 79' lang='grc' dir='ltr'>ἐμπειρίαν</span> <span class='ocrx_word' id='word_1_125' title='bbox 972 2461 1120 2550; x_wconf 90' lang='lat' dir='ltr'>aliquam</span> <span class='ocrx_word' id='word_1_126' title='bbox 1145 2461 1219 2528; x_wconf 89' lang='lat' dir='ltr'>siue</span> 
     </span>
     <span class='ocr_line' id='line_1_19' title="bbox 125 2586 1219 2687; baseline -0.001 -35"><span class='ocrx_word' id='word_1_127' title='bbox 125 2586 274 2687; x_wconf 87' lang='lat' dir='ltr'>ratione</span> <span class='ocrx_word' id='word_1_128' title='bbox 299 2587 450 2655; x_wconf 87' lang='lat' dir='ltr'>colentes</span> <span class='ocrx_word' id='word_1_129' title='bbox 473 2588 647 2656; x_wconf 87' lang='lat' dir='ltr'>Socratem</span> <span class='ocrx_word' id='word_1_130' title='bbox 667 2587 889 2681; x_wconf 85' lang='lat' dir='ltr'>insectantem</span> <span class='ocrx_word' id='word_1_131' title='bbox 911 2586 1077 2675; x_wconf 83' lang='lat' dir='ltr'>effingere</span> <span class='ocrx_word' id='word_1_132' title='bbox 1095 2586 1219 2652; x_wconf 87' lang='lat' dir='ltr'>verisi-</span> 
     </span>
     <span class='ocr_line' id='line_1_20' title="bbox 142 2711 1219 2802; baseline -0.001 -24"><span class='ocrx_word' id='word_1_133' title='bbox 142 2712 221 2778; x_wconf 93' lang='lat' dir='ltr'>mile</span> <span class='ocrx_word' id='word_1_134' title='bbox 237 2722 309 2779; x_wconf 90' lang='lat' dir='ltr'>crat</span> <span class='ocrx_word' id='word_1_135' title='bbox 323 2712 427 2802; x_wconf 85' lang='lat' dir='ltr'>(quod</span> <span class='ocrx_word' id='word_1_136' title='bbox 444 2712 564 2778; x_wconf 91' lang='lat' dir='ltr'>saltem</span> <span class='ocrx_word' id='word_1_137' title='bbox 580 2712 805 2779; x_wconf 91' lang='lat' dir='ltr'>couveniehat</span> <span class='ocrx_word' id='word_1_138' title='bbox 824 2734 901 2778; x_wconf 93' lang='lat' dir='ltr'>cum</span> <span class='ocrx_word' id='word_1_139' title='bbox 919 2711 976 2778; x_wconf 94' lang='lat' dir='ltr'>illo</span> <span class='ocrx_word' id='word_1_140' title='bbox 993 2712 1166 2800; x_wconf 89' lang='lat' dir='ltr'>proposito</span> <span class='ocrx_word' id='word_1_141' title='bbox 1187 2720 1219 2777; x_wconf 88' lang='lat' dir='ltr'>et</span> 
     </span>
     <span class='ocr_line' id='line_1_21' title="bbox 142 2832 1217 2926; baseline 0.001 -25"><span class='ocrx_word' id='word_1_142' title='bbox 142 2836 200 2903; x_wconf 94' lang='lat' dir='ltr'>illa</span> <span class='ocrx_word' id='word_1_143' title='bbox 229 2836 270 2904; x_wconf 92' lang='lat' dir='ltr'>de</span> <span class='ocrx_word' id='word_1_144' title='bbox 301 2838 444 2904; x_wconf 89' lang='lat' dir='ltr'>scientia</span> <span class='ocrx_word' id='word_1_145' title='bbox 466 2832 626 2904; x_wconf 76' lang='lat' dir='ltr'>doetrina&#39;</span> <span class='ocrx_word' id='word_1_146' title='bbox 648 2859 736 2926; x_wconf 88' lang='lat' dir='ltr'>quae</span> <span class='ocrx_word' id='word_1_147' title='bbox 763 2837 793 2903; x_wconf 91' lang='lat' dir='ltr'>ei</span> <span class='ocrx_word' id='word_1_148' title='bbox 818 2839 896 2925; x_wconf 85' lang='lat' dir='ltr'>jure</span> <span class='ocrx_word' id='word_1_149' title='bbox 922 2835 1025 2902; x_wconf 90' lang='lat' dir='ltr'>tribui</span> <span class='ocrx_word' id='word_1_150' title='bbox 1048 2840 1217 2926; x_wconf 86' lang='lat' dir='ltr'>possunt),</span> 
     </span>
     <span class='ocr_line' id='line_1_22' title="bbox 142 2960 1218 3041; baseline -0.001 -13"><span class='ocrx_word' id='word_1_151' title='bbox 142 2961 290 3029; x_wconf 90' lang='lat' dir='ltr'>sednon</span> <span class='ocrx_word' id='word_1_152' title='bbox 312 2985 432 3029; x_wconf 92' lang='lat' dir='ltr'>omnes</span> <span class='ocrx_word' id='word_1_153' title='bbox 445 2984 523 3029; x_wconf 92' lang='lat' dir='ltr'>eum</span> <span class='ocrx_word' id='word_1_154' title='bbox 546 2962 748 3028; x_wconf 88' lang='lat' dir='ltr'>insectatum</span> <span class='ocrx_word' id='word_1_155' title='bbox 765 2983 841 3027; x_wconf 89' lang='lat' dir='ltr'>esse</span> <span class='ocrx_word' id='word_1_156' title='bbox 858 2960 1043 3028; x_wconf 89' lang='lat' dir='ltr'>verisimile</span> <span class='ocrx_word' id='word_1_157' title='bbox 1064 2971 1128 3041; x_wconf 88' lang='lat' dir='ltr'>est,</span> <span class='ocrx_word' id='word_1_158' title='bbox 1150 2983 1218 3028; x_wconf 95' lang='lat' dir='ltr'>non</span> 
     </span>
     <span class='ocr_line' id='line_1_23' title="bbox 142 3086 1219 3178; baseline 0 -26"><span class='ocrx_word' id='word_1_159' title='bbox 142 3087 218 3154; x_wconf 93' lang='lat' dir='ltr'>illos</span> <span class='ocrx_word' id='word_1_160' title='bbox 234 3088 291 3176; x_wconf 91' lang='lat' dir='ltr'>qui</span> <span class='ocrx_word' id='word_1_161' title='bbox 310 3087 456 3178; x_wconf 88' lang='lat' dir='ltr'>alicujus</span> <span class='ocrx_word' id='word_1_162' title='bbox 476 3086 731 3176; x_wconf 89' lang='lat' dir='ltr'>philosophicae</span> <span class='ocrx_word' id='word_1_163' title='bbox 752 3086 926 3152; x_wconf 91' lang='lat' dir='ltr'>doctrinae</span> <span class='ocrx_word' id='word_1_164' title='bbox 953 3087 1073 3153; x_wconf 88' lang='lat' dir='ltr'>aetatis</span> <span class='ocrx_word' id='word_1_165' title='bbox 1096 3086 1219 3176; x_wconf 88' lang='lat' dir='ltr'>prioris</span> 
     </span>
     <span class='ocr_line' id='line_1_24' title="bbox 142 3209 1219 3301; baseline -0.002 -24"><span class='ocrx_word' id='word_1_166' title='bbox 142 3234 329 3301; x_wconf 90' lang='lat' dir='ltr'>praecones</span> <span class='ocrx_word' id='word_1_167' title='bbox 357 3221 472 3292; x_wconf 86' lang='lat' dir='ltr'>erant;</span> <span class='ocrx_word' id='word_1_168' title='bbox 504 3220 675 3278; x_wconf 90' lang='lat' dir='ltr'>ettamen</span> <span class='ocrx_word' id='word_1_169' title='bbox 702 3210 867 3277; x_wconf 88' lang='lat' dir='ltr'>adversus</span> <span class='ocrx_word' id='word_1_170' title='bbox 891 3210 966 3276; x_wconf 92' lang='lat' dir='ltr'>illos</span> <span class='ocrx_word' id='word_1_171' title='bbox 986 3233 1122 3298; x_wconf 89' lang='lat' dir='ltr'>quoque</span> <span class='ocrx_word' id='word_1_172' title='bbox 1148 3209 1219 3276; x_wconf 92' lang='lat' dir='ltr'>luc-</span> 
     </span>
     <span class='ocr_line' id='line_1_25' title="bbox 142 3334 1217 3414; baseline -0.002 -12"><span class='ocrx_word' id='word_1_173' title='bbox 142 3346 269 3402; x_wconf 87' lang='lat' dir='ltr'>tantem</span> <span class='ocrx_word' id='word_1_174' title='bbox 288 3337 463 3405; x_wconf 88' lang='lat' dir='ltr'>Socratem</span> <span class='ocrx_word' id='word_1_175' title='bbox 480 3335 576 3402; x_wconf 89' lang='lat' dir='ltr'>Plato</span> <span class='ocrx_word' id='word_1_176' title='bbox 592 3334 690 3402; x_wconf 92' lang='lat' dir='ltr'>nohis</span> <span class='ocrx_word' id='word_1_177' title='bbox 707 3344 887 3414; x_wconf 91' lang='lat' dir='ltr'>monstrat,</span> <span class='ocrx_word' id='word_1_178' title='bbox 900 3334 1029 3401; x_wconf 91' lang='lat' dir='ltr'>scilicet</span> <span class='ocrx_word' id='word_1_179' title='bbox 1043 3336 1217 3405; x_wconf 86' lang='lat' dir='ltr'>Socratem</span> 
     </span>
     <span class='ocr_line' id='line_1_26' title="bbox 143 3459 1218 3551; baseline -0.003 -22"><span class='ocrx_word' id='word_1_180' title='bbox 143 3461 325 3551; x_wconf 88' lang='lat' dir='ltr'>quemdam</span> <span class='ocrx_word' id='word_1_181' title='bbox 346 3461 387 3528; x_wconf 95' lang='lat' dir='ltr'>de</span> <span class='ocrx_word' id='word_1_182' title='bbox 402 3461 549 3529; x_wconf 90' lang='lat' dir='ltr'>diversis</span> <span class='ocrx_word' id='word_1_183' title='bbox 566 3460 809 3550; x_wconf 91' lang='lat' dir='ltr'>philosophicis</span> <span class='ocrx_word' id='word_1_184' title='bbox 824 3459 1012 3549; x_wconf 92' lang='lat' dir='ltr'>disciplinis</span> <span class='ocrx_word' id='word_1_185' title='bbox 1028 3459 1127 3549; x_wconf 90' lang='lat' dir='ltr'>plane</span> <span class='ocrx_word' id='word_1_186' title='bbox 1151 3461 1218 3526; x_wconf 94' lang='lat' dir='ltr'>ins-</span> 
     </span>
     <span class='ocr_line' id='line_1_27' title="bbox 143 3580 1217 3676; baseline -0.002 -23"><span class='ocrx_word' id='word_1_187' title='bbox 143 3597 291 3654; x_wconf 90' lang='lat' dir='ltr'>tructum</span> <span class='ocrx_word' id='word_1_188' title='bbox 308 3609 409 3676; x_wconf 91' lang='lat' dir='ltr'>quem</span> <span class='ocrx_word' id='word_1_189' title='bbox 423 3585 580 3652; x_wconf 89' lang='lat' dir='ltr'>videlicet</span> <span class='ocrx_word' id='word_1_190' title='bbox 596 3585 636 3651; x_wconf 92' lang='lat' dir='ltr'>ad</span> <span class='ocrx_word' id='word_1_191' title='bbox 650 3585 907 3651; x_wconf 91' lang='lat' dir='ltr'>similitudinem</span> <span class='ocrx_word' id='word_1_192' title='bbox 923 3580 1056 3651; x_wconf 90' lang='lat' dir='ltr'>morum</span> <span class='ocrx_word' id='word_1_193' title='bbox 1072 3595 1217 3665; x_wconf 88' lang='lat' dir='ltr'>tantum,</span> 
     </span>
    </p>
   </div>
   <div class='ocr_carea' id='block_1_3' title="bbox 144 3709 1216 3800">
    <p class='ocr_par' dir='ltr' id='par_1_4' title="bbox 144 3709 1216 3800">
     <span class='ocr_line' id='line_1_28' title="bbox 144 3709 1216 3800; baseline -0.003 -22"><span class='ocrx_word' id='word_1_194' title='bbox 144 3711 282 3791; x_wconf 81' lang='lat' dir='ltr'>intotis,</span> <span class='ocrx_word' id='word_1_195' title='bbox 303 3712 358 3779; x_wconf 93' lang='lat' dir='ltr'>vel</span> <span class='ocrx_word' id='word_1_196' title='bbox 384 3711 485 3778; x_wconf 93' lang='lat' dir='ltr'>etiam</span> <span class='ocrx_word' id='word_1_197' title='bbox 504 3711 668 3800; x_wconf 88' lang='lat' dir='ltr'>propositi</span> <span class='ocrx_word' id='word_1_198' title='bbox 688 3711 837 3779; x_wconf 91' lang='lat' dir='ltr'>Socratis</span> <span class='ocrx_word' id='word_1_199' title='bbox 859 3710 928 3776; x_wconf 92' lang='lat' dir='ltr'>veri</span> <span class='ocrx_word' id='word_1_200' title='bbox 947 3709 1067 3798; x_wconf 83' lang='lat' dir='ltr'>hugit3</span> <span class='ocrx_word' id='word_1_201' title='bbox 1098 3733 1216 3777; x_wconf 87' lang='lat' dir='ltr'>verum</span> 
     </span>
    </p>
   </div>
   <div class='ocr_carea' id='block_1_4' title="bbox 144 3989 1251 4299">
    <p class='ocr_par' dir='ltr' id='par_1_5' title="bbox 144 3989 1251 4299">
     <span class='ocr_line' id='line_1_29' title="bbox 174 3989 1251 4082; baseline -0.004 -22"><span class='ocrx_word' id='word_1_202' title='bbox 174 3995 246 4060; x_wconf 70' lang='grc' dir='ltr'>1Ὢ</span> <span class='ocrx_word' id='word_1_203' title='bbox 263 4001 382 4082; x_wconf 80' lang='grc' dir='ltr'>ἄνδρες,</span> <span class='ocrx_word' id='word_1_204' title='bbox 404 4002 456 4080; x_wconf 77' lang='grc' dir='ltr'>ἔφη</span> <span class='ocrx_word' id='word_1_205' title='bbox 479 3990 640 4079; x_wconf 82' lang='grc' dir='ltr'>(Ἱππίας),</span> <span class='ocrx_word' id='word_1_206' title='bbox 668 4001 693 4058; x_wconf 83' lang='grc' dir='ltr'>οἱ</span> <span class='ocrx_word' id='word_1_207' title='bbox 719 3996 877 4079; x_wconf 77' lang='grc' dir='ltr'>παρόντες,</span> <span class='ocrx_word' id='word_1_208' title='bbox 901 4002 1031 4077; x_wconf 74' lang='grc' dir='ltr'>ἡγοῦμαι</span> <span class='ocrx_word' id='word_1_209' title='bbox 1057 3989 1116 4077; x_wconf 83' lang='grc' dir='ltr'>ἐγὼ</span> <span class='ocrx_word' id='word_1_210' title='bbox 1139 3997 1218 4073; x_wconf 81' lang='grc' dir='ltr'>ἡμᾶς</span> <span class='ocrx_word' id='word_1_211' title='bbox 1248 4058 1251 4067; x_wconf 75' lang='grc'><em>,</em></span> 
     </span>
     <span class='ocr_line' id='line_1_30' title="bbox 146 4098 1218 4192; baseline -0.007 -20"><span class='ocrx_word' id='word_1_212' title='bbox 146 4118 301 4192; x_wconf 79' lang='grc' dir='ltr'>συγγενεῖς</span> <span class='ocrx_word' id='word_1_213' title='bbox 322 4132 353 4170; x_wconf 82' lang='grc' dir='ltr'>τε</span> <span class='ocrx_word' id='word_1_214' title='bbox 380 4106 428 4169; x_wconf 78' lang='grc' dir='ltr'>καὶ</span> <span class='ocrx_word' id='word_1_215' title='bbox 445 4103 570 4178; x_wconf 79' lang='grc' dir='ltr'><strong>οἰκείους</strong></span> <span class='ocrx_word' id='word_1_216' title='bbox 594 4104 642 4166; x_wconf 75' lang='grc' dir='ltr'>καὶ</span> <span class='ocrx_word' id='word_1_217' title='bbox 661 4106 786 4177; x_wconf 82' lang='grc' dir='ltr'>πολίτας</span> <span class='ocrx_word' id='word_1_218' title='bbox 814 4100 945 4176; x_wconf 84' lang='grc' dir='ltr'>ἅπαντας</span> <span class='ocrx_word' id='word_1_219' title='bbox 970 4098 1046 4165; x_wconf 82' lang='grc' dir='ltr'>εἶναι</span> <span class='ocrx_word' id='word_1_220' title='bbox 1073 4107 1165 4184; x_wconf 79' lang='grc' dir='ltr'>φύσει,</span> <span class='ocrx_word' id='word_1_221' title='bbox 1187 4113 1218 4164; x_wconf 77' lang='grc' dir='ltr'>οὔ</span> 
     </span>
     <span class='ocr_line' id='line_1_31' title="bbox 144 4217 472 4299; baseline -0.021 -20"><span class='ocrx_word' id='word_1_222' title='bbox 144 4217 236 4299; x_wconf 76' lang='grc' dir='ltr'>νόμῳ.</span> <span class='ocrx_word' id='word_1_223' title='bbox 259 4229 380 4289; x_wconf 69' lang='lat' dir='ltr'>Protag,</span> <span class='ocrx_word' id='word_1_224' title='bbox 391 4228 435 4274; x_wconf 83' lang='lat'>337</span> <span class='ocrx_word' id='word_1_225' title='bbox 450 4238 472 4273; x_wconf 93' lang='lat' dir='ltr'>c.</span> 
     </span>
    </p>
   </div>
   <div class='ocr_carea' id='block_1_5' title="bbox 0 0 1413 4814">
    <p class='ocr_par' dir='ltr' id='par_1_6' title="bbox 0 0 1413 4814">
     <span class='ocr_line' id='line_1_32' title="bbox 0 0 1413 4814; baseline 0 0"><span class='ocrx_word' id='word_1_226' title='bbox 0 0 1413 4814; x_wconf 95' lang='lat' dir='ltr'> </span> 
     </span>
    </p>
   </div>
  </div>
 </body>
</html>
