2804 4814
607 268 783 336 ..38-

159 424 365 514 proveniunt
389 422 586 512 reponendo
608 423 713 491 veluti
737 432 880 490 naturae
910 419 1048 488 foedera
1070 428 1128 486 aut
1158 441 1230 508 par·

159 560 224 629 teS,
252 549 360 638 potuit
395 548 444 614 eis
484 547 633 615 trihuere
668 547 818 637 aliquam
848 543 1139 637 pulchritudinem
1169 544 1232 610 hae

161 674 372 765 superiorem
403 695 489 762 quae
510 674 751 763 conjunctione
778 682 810 739 et
841 672 989 738 mixtura
1018 670 1232 737 diversarum

161 824 274 867 rerum
311 803 362 887 (ut
388 799 531 866 risuset
547 800 791 891 lacrymarum)
812 798 1020 888 voluptatem
1047 796 1152 877 elicit,
1177 805 1234 863 aut

161 926 262 992 etiam
280 949 420 1015 eaquae
435 925 636 1015 corporibus
660 924 805 1013 singulis
824 933 856 990 et
873 923 1012 1013 picturis
1028 922 1130 989 inest.
1154 923 1236 988 Ter-

161 1051 283 1116 restria
296 1050 385 1116 enim
403 1050 461 1117 illa
477 1073 563 1140 quae
584 1050 726 1140 pulchra
746 1057 838 1128 suot,
851 1049 923 1115 sive
939 1056 1010 1114 arte
1024 1047 1096 1113 sive
1112 1057 1235 1114 natura

161 1176 322 1254 conflata,
356 1174 495 1242 fortuita
520 1174 574 1242 vel
608 1174 730 1242 callida
759 1173 1009 1241 contrariorum
1051 1171 1234 1239 affectuum

162 1299 366 1389 compagine
380 1298 433 1366 vel
444 1321 648 1388 repercussu
665 1322 787 1366 sensus
800 1298 950 1378 titillant,
963 1320 1025 1364 nec
1040 1297 1151 1385 legem
1167 1296 1236 1386 pla-

164 1422 261 1491 cendi
277 1422 404 1489 habent
421 1422 486 1489 nisi
501 1423 535 1489 in
556 1426 754 1513 conjectura
770 1423 927 1512 positam.
945 1424 982 1489 ln
1002 1422 1163 1488 universo
1183 1421 1237 1487 vel

163 1549 275 1639 potius
292 1550 399 1629 eaelo,
413 1548 555 1637 figurae,
569 1572 672 1616 sonos
689 1549 790 1615 etiam
804 1547 1015 1638 pulchriores
1031 1555 1065 1613 et
1080 1546 1237 1636 puriores

163 1674 323 1754 existere,
350 1674 414 1740 hoc
438 1673 594 1742 diffusius
611 1675 645 1740 in
662 1675 848 1764 Republica
869 1675 1084 1765 explanatur,
1111 1696 1179 1764 quo
1200 1674 1234 1740 in
1256 1743 1258 1746 ,

164 1821 266 1888 opere
283 1798 491 1865 astronomia
516 1808 549 1865 et
568 1822 732 1887 germana
756 1803 831 1890 ejus
857 1798 1045 1866 secundum
1065 1797 1237 1888 Pythago-

164 1923 271 1990 ricam
291 1922 479 1990 doctrinam
502 1925 644 1999 musica,
662 1925 838 2014 superiore
863 1934 958 2014 parte
974 1946 1092 1991 earum
1112 1945 1176 1990 nec
1197 1921 1238 1988 ad

165 2071 287 2116 sensus
307 2049 511 2137 pertinente,
529 2049 562 2115 in
584 2049 822 2117 mathematica
847 2051 895 2117 ita
917 2073 952 2117 se
975 2046 1184 2116 contrahunt
1203 2056 1241 2113 ut

164 2172 382 2262 pulchritudo
408 2173 605 2240 caelestium
628 2174 815 2263 figurarum
837 2185 869 2241 et
894 2184 1047 2242 motuum
1075 2191 1144 2240 non
1169 2181 1239 2239 tam

167 2297 424 2388 splendentibus
444 2299 528 2364 caeli
544 2298 785 2388 laquearibus¹
808 2309 964 2367 constare
983 2297 1114 2364 dicatur
1137 2319 1239 2387 quam

168 2423 320 2488 numeris
342 2432 373 2488 et
388 2422 522 2511 legibus
548 2423 670 2512 quihus
692 2447 811 2490 omnes
845 2424 877 2489 hi
913 2432 1025 2491 motus
1045 2432 1079 2489 et
1108 2422 1240 2512 figurae

166 2547 386 2614 deliniantur.
419 2547 514 2628 Quod
546 2557 714 2638 superest,
741 2550 774 2616 in
795 2549 949 2629 Philebo,
975 2558 1011 2615 ut
1028 2547 1186 2637 voluptas
1222 2570 1242 2614 a

167 2670 267 2739 turha
292 2672 535 2739 adnumerum
559 2672 591 2740 et
610 2697 766 2741 normam
795 2684 827 2741 et
843 2674 1051 2741 intellectum
1077 2671 1177 2751 redit,
1194 2672 1242 2739 ita

168 2794 347 2884 pulchrum
370 2818 388 2860 a
414 2796 559 2884 singulis
586 2796 688 2864 rebus
718 2809 750 2865 et
782 2822 886 2865 sensu
912 2800 1079 2887 perceptis
1102 2796 1143 2863 ad
1167 2795 1242 2863 uni-

167 2943 305 2986 versum
321 2929 352 2986 et
369 2921 545 2986 scientiam
560 2921 698 2999 recedit,
714 2928 817 3011 quum
833 2922 974 2989 scientia
986 2920 1154 3011 imprimis
1167 2920 1243 2987 uni-

168 3066 305 3110 versum
319 3045 372 3110 vel
387 3056 544 3134 respectu
558 3047 709 3114 universi
726 3071 781 3114 res
795 3047 987 3136 singulares
1003 3045 1240 3136 amplectatur.

169 3170 209 3235 Et
224 3178 315 3236 certe
330 3171 528 3259 experimur
541 3195 580 3239 eo
595 3173 753 3262 pulchras
770 3196 845 3239 esse
866 3171 1019 3260 singulas
1034 3194 1089 3237 res
1106 3168 1195 3258 quod
1209 3170 1243 3236 in

168 3293 209 3360 iis
226 3293 440 3383 pulchritudo
462 3297 612 3363 universi
634 3299 862 3387 repercutitur
892 3307 925 3363 et
944 3295 1143 3363 reflectitur.
1167 3295 1244 3361 Non

170 3441 209 3484 ea
227 3417 363 3508 quidem
380 3420 523 3488 scientia
544 3423 695 3490 universi
716 3423 805 3489 unde
822 3408 1028 3512 latius-patet
1043 3429 1245 3510 prospectus

173 3544 208 3609 in
225 3566 390 3610 oceanum
414 3545 676 3634 pulchritudinis
693 3548 834 3614 seientia
849 3547 948 3637 primi
965 3545 1092 3635 gradus
1106 3553 1170 3624 est,
1185 3543 1245 3611 sed

171 3666 382 3734 dialecticam
395 3670 449 3735 vel
464 3671 640 3737 scientiam
653 3672 732 3739 honi
745 3695 781 3738 ac
796 3671 948 3738 idearum
961 3669 1244 3758 contingit,parte

173 3793 276 3859 etiam
290 3797 466 3885 superiore
484 3807 516 3863 et
536 3820 604 3864 non
625 3799 659 3865 in
680 3802 878 3890 conjectura
903 3797 1012 3888 posita
1032 3817 1140 3884 paene
1165 3816 1242 3859 cum

172 3917 229 3985 illa
257 3921 490 4006 confunditur,
511 3925 669 3995 videlicet
684 3928 847 3994 affinitate
873 3943 1110 4000 numerorum,
1126 3918 1244 3986 nrundi

204 4178 213 4212 ¹
231 4199 267 4271 τῇ
278 4187 346 4269 περὶ
360 4192 408 4248 τὸν
423 4187 544 4269 οὐρανὸν
560 4189 701 4272 ποικιλίᾳ.
721 4197 896 4262 Respublica,
907 4199 967 4260 Vll,
978 4201 1023 4248 529
1032 4212 1057 4261 e,
1069 4197 1177 4248 530'aet
1185 4212 1244 4264 seq.
