2804 4814
610 295 786 358 ..57-

161 471 240 515 nem
262 448 396 514 veniam
424 448 612 516 invenient.
636 450 709 516 Non
735 449 875 516 omnino
902 450 1027 515 lamen
1052 450 1125 516 Non
1152 447 1234 516 salis

160 586 303 642 naturae
323 598 515 664 congruere
533 576 596 643 hoo
612 577 782 643 sermonis
799 598 916 664 genus
930 575 1063 645 Platoni
1086 574 1231 642 videtur.

161 700 312 770 Serenda
344 711 425 768 sunl
452 701 584 767 semina
614 701 801 791 sapientiae
835 702 869 768 in
902 701 1074 768 mentibus
1107 703 1232 767 nonin

161 827 267 893 hortis
291 826 503 893 litterarum1
521 826 686 894 Adonidis
713 828 820 894 hortis
841 827 1023 906 similibus,
1050 849 1154 915 quum
1177 825 1235 892 ille

160 952 272 1018 cultus
301 952 406 1018 tutior
433 952 477 1018 sil
501 960 533 1018 et
552 951 687 1031 laetior,
722 974 785 1018 nee
817 961 1075 1041 praematurum
1107 949 1235 1040 aliquid

113 1090 116 1096 ·
161 1075 306 1143 liabens.
338 1077 486 1142 Tantum
518 1077 633 1142 valent
663 1077 788 1166 scripta
809 1088 842 1144 et
862 1076 951 1144 hona
972 1076 1108 1166 quidem
1129 1075 1235 1142 veluli

160 1201 388 1290 praestantior
402 1199 502 1267 ludus
518 1210 551 1267 et
565 1202 750 1268 memoriae
767 1201 965 1292 adjumenta
981 1224 1069 1290 quae
1082 1211 1234 1268 celerum

161 1335 240 1392 ante
262 1326 392 1393 lilleras
415 1327 573 1393 inventas
597 1327 728 1394 firmior
747 1327 835 1417 apud
861 1327 1018 1394 homines
1040 1336 1124 1394 eral.
1142 1327 1236 1393 Inler

160 1453 291 1541 potiora
323 1452 469 1541 εοιίμίιιΞ
498 1453 595 1518 Plato
624 1451 719 1541 leges
749 1462 782 1519 et
815 1452 952 1519 decreta
978 1462 1011 1518 et
1038 1426 1235 1540 rogationes

160 1590 319 1645 numeral
334 1580 430 1668 quasi
448 1579 511 1646 hoo
528 1580 697 1646 sermonis
714 1603 824 1669 genus
838 1590 970 1647 tantum
988 1601 1056 1645 non
1078 1579 1112 1644 in
1126 1576 1235 1667 publi-

160 1704 209 1770 cis
230 1704 377 1791 negoliis
397 1704 470 1770 sine
486 1727 590 1770 eausa
610 1703 716 1784 foret;
735 1728 777 1771 ex
801 1728 868 1794 quo
889 1709 961 1794 jam
984 1705 1107 1794 conjici
1124 1712 1233 1792 polest

161 1828 332 1917 quomodo
354 1839 444 1895 artes
470 1838 502 1895 et
523 1837 768 1897 monumema³
793 1853 812 1895 a
832 1829 1012 1897 commodo
1036 1839 1068 1896 el
1088 1829 1234 1896 obleeta-

164 1962 280 2019 mento
310 1954 521 2042 privatorum
549 1954 590 2021 ad
619 1977 837 2022 communem
867 1954 1047 2021 utilitatem
1076 1961 1234 2039 revooel;

160 2099 272 2164 neque
307 2077 373 2143 alia
406 2100 447 2143 ex
481 2078 613 2145 ratione
647 2080 806 2147 Solonem
848 2077 1107 2176 legumlatorem
1142 2076 1233 2144 laudi

158 2201 217 2269 dal
236 2225 316 2268 vero
332 2213 465 2291 poetam
482 2202 622 2274 luissel.
641 2205 758 2292 Neque
772 2214 886 2270 tamen
903 2204 996 2292 ipsae
1016 2203 1110 2291 leges
1129 2202 1234 2292 serip-

159 2337 214 2393 tae
235 2350 322 2415 quae
339 2328 452 2416 potius
478 2339 700 2395 monumenta
720 2330 885 2417 quaedam
914 2351 1014 2416 quam
1040 2328 1156 2394 vivum
1175 2327 1234 2392 ali-

161 2450 241 2539 quid
260 2454 363 2518 sunl⁵
382 2461 513 2520 tantum
536 2454 672 2520 virtutis
698 2453 842 2534 haben13
869 2463 902 2519 et
921 2453 1017 2542 eopia
1042 2453 1157 2540 legum
1183 2450 1232 2517 uti

160 2599 229 2643 non
253 2577 402 2645 salutare
425 2581 511 2645 estss.
530 2580 611 2646 Plus
632 2580 744 2646 valent
765 2591 874 2646 slatus
894 2588 927 2645 el
949 2578 1059 2645 forma
1084 2578 1232 2645 civitatis

191 2881 200 2915 1
219 2882 371 2946 Phaedrus,
384 2887 428 2933 275
446 2887 501 2934 ael
519 2898 576 2948 seq.

189 2982 200 3014 ²
217 2981 293 3044 Lag,
310 2983 355 3038 IX,
370 2986 415 3030 858
426 2996 449 3032 e.
461 3010 491 3017 -
507 2982 659 3039 Phaedrus
674 2987 722 3031 277
734 2982 759 3031 d.

191 3068 269 3142 ’ὸστις
303 3072 332 3130 ἐν
363 3072 528 3142 πολιτικοῖς
563 3071 664 3149 λόγοις
694 3071 802 3148 νίμους
836 3069 986 3147 ὀνομάζων
1013 3067 1232 3150 συγγράμματα

159 3179 301 3257 ἔγραψεν.
324 3186 476 3248 Phaedrus,
492 3191 537 3235 278
551 3201 575 3237 e.

188 3284 199 3318 ³
218 3286 301 3348 Alqui
320 3287 346 3334 in
362 3287 481 3350 AEgyplo
497 3287 608 3350 publiea
630 3288 806 3335 monumenta
824 3288 928 3335 lanlum
941 3287 1079 3348 scriptura
1096 3281 1231 3347 quaedam

160 3394 250 3430 rernm
263 3381 381 3432 fuerunt.

188 3481 266 3542 ⁴Ti.‚
291 3485 318 3530 21
345 3495 367 3530 e.
396 3469 470 3560 ηατὰ
507 3475 559 3549 τὴν
597 3475 710 3550 ποίησιν
755 3469 790 3533 αὖ
836 3476 892 3534 τῶν
941 3475 1069 3548 ποιητῶν
1113 3468 1230 3530 πάντων

159 3575 417 3661 ἐλευθεριώτατον.

189 3677 316 3767 ὅῖατρὲν
357 3687 507 3763 μέλλοντα
549 3689 566 3764 ἢ
610 3688 659 3746 καί
690 3710 752 3748 τινα
791 3690 986 3768 γυμναστικον
1023 3681 1228 3760 ἀποδημεῖν...

160 3794 229 3855 Ροί.,
245 3797 289 3843 295
305 3808 327 3842 o.

189 3887 245 3942 τῶν
262 3883 296 3958 δὴ
316 3883 491 3957 βιασθέντων
509 3879 589 3964 παρὰ
604 3879 640 3943 τὰ
658 3882 853 3965 γεγράμμενα
873 3883 921 3943 καί
935 3881 1042 3964 ποίτριοι
1059 3881 1128 3962 δρᾶν
1145 3881 1232 3960 ἕτερα

160 3987 325 4069 διιιαιὸτερα
341 3987 388 4049 καί
403 3985 514 4066 ἀμείνω
529 3987 577 4050 καί
593 3991 709 4050 καλλίω
728 3994 784 4051 τῶν
806 3991 983 4071 ἔμπροσθεν.
1004 3999 1073 4056 ΡοΙ.,
1088 4001 1133 4047 296
1146 4012 1169 4047 c.

188 4088 200 4180 l
217 4091 403 4172 Νομοθετεῖν
418 4091 519 4157 δἀθτὰ
534 4091 618 4173 οἶμαι
634 4098 755 4175 εὔηθες·
768 4098 834 4158 οθτε
847 4094 904 4178 γάρ
917 4118 973 4157 που
989 4097 1121 4177 γίγνεται
1134 4089 1232 4156 οὔτ’ἃν

163 4204 269 4281 μείνειε
285 4203 367 4284 λὸγῳ
387 4226 418 4264 τε
443 4203 491 4264 καί
511 4201 665 4285 γράμμασι
679 4205 952 4282 νομοθετηθέντα...
972 4207 1007 4263 ἐκ
1027 4215 1080 4280 τῆς
1100 4203 1232 4274 παιδείας
