2804 4814
616 259 787 325 ‚83-

161 412 289 502 aliquid
308 414 342 478 in
364 434 465 479 omne
480 422 615 502 tempus
639 436 754 479 verum
775 413 965 489 continere,
988 421 1025 478 ut
1044 411 1236 500 exspectari

160 538 307 627 possita
327 537 530 627 philosopho
550 537 592 604 ad
613 537 646 604 id
670 537 758 626 quod
779 537 813 603 in
835 559 970 625 quaque
997 558 1033 602 re
1059 546 1237 602 aeternum

161 663 256 729 sitse
278 651 443 729 vertente.
574 752 576 757 ι

207 787 294 854 Huic
307 787 499 876 tempestati
516 787 549 852 in
567 810 634 876 qua
654 787 753 855 Plato
769 786 855 852 vixit
870 785 1047 874 proximus
1061 794 1112 850 est
1127 807 1239 852 novus

161 935 277 979 rerum
316 911 411 979 ordo.
452 914 560 979 Porro
598 912 780 1003 praecipue
818 910 974 990 Athenis,
1006 910 1062 999 qui
1103 911 1239 1000 sapiunt

163 1061 231 1104 una
255 1036 443 1126 perlectum
464 1036 547 1102 illud
568 1036 775 1126 reipublicae
795 1058 905 1124 genus
930 1034 1020 1124 quod
1044 1035 1165 1104 civitas
1188 1045 1240 1101 est

163 1162 246 1229 etin
262 1160 405 1229 Graecia
421 1160 583 1240 effloruit,
602 1170 638 1227 ut
657 1161 768 1227 solum
789 1170 822 1226 et
837 1160 1003 1250 optimum
1022 1160 1240 1250 amplectun-

163 1297 231 1366 tur,
253 1296 298 1366 et,
320 1308 446 1352 vanum
471 1309 509 1352 ac
529 1286 671 1354 noxium
693 1286 933 1375 quodcumque
958 1285 1105 1353 civitatis
1126 1288 1240 1377 cujus-

164 1437 265 1503 quam
306 1413 555 1479 incrementum
592 1423 750 1502 putantes
785 1436 889 1502 quum
925 1413 954 1479 ei
990 1412 1030 1479 ad
1066 1435 1239 1480 summum

164 1562 267 1628 opum
287 1538 470 1628 perductae
493 1539 527 1605 in
551 1548 646 1605 tanto
670 1539 821 1606 deterius
841 1539 1037 1606 necessario
1058 1538 1239 1605 labendum

165 1663 280 1743 luerit,
298 1663 362 1730 hoc
386 1664 459 1751 ipso
480 1667 561 1751 (non
585 1663 660 1730 sine
683 1663 830 1753 quadam
845 1673 943 1752 grata
958 1664 1092 1753 pristini
1108 1663 1241 1730 decoris

166 1788 345 1875 memoria)
364 1810 441 1854 eum
464 1810 637 1854 summum
660 1811 763 1878 opum
785 1799 818 1855 et
838 1789 961 1855 artium
984 1788 1102 1857 llorem
1123 1789 1242 1876 vigen-

166 1923 234 1979 tem
251 1913 409 1978 incusant
423 1922 458 1978 ut
472 1913 767 2002 intemperantiam
783 1912 966 2002 quamdam
980 1922 1013 1980 et
1028 1911 1241 1978 mortiferum

166 2048 335 2103 tumorem
357 2036 509 2125 corporis
534 2060 637 2125 supra
664 2037 801 2104 modum
826 2047 860 2103 et
887 2047 983 2103 extra
1009 2035 1095 2103 fines
1120 2047 1243 2103 natura

169 2161 320 2228 addictos
355 2161 596 2248 turgescentis.
633 2163 674 2228 Et
707 2161 843 2250 quidem
882 2161 1060 2228 Platonem
1093 2160 1243 2227 diximus

168 2287 334 2354 Periclem
368 2286 462 2352 illum
495 2287 695 2353 incrementi
726 2287 872 2353 civitatis
906 2288 1073 2354 fautorem
1104 2295 1136 2351 et
1165 2307 1241 2353 cum

168 2412 288 2479 Phidia
306 2412 408 2477 etiam
422 2411 575 2477 criminis
591 2411 823 2501 dissipationis
840 2411 1039 2501 participem
1055 2410 1156 2477 modo
1172 2410 1243 2476 lau-

168 2540 267 2607 dibus
292 2538 470 2618 extollere,
497 2537 597 2604 modo
632 2537 838 2626 vituperare,
870 2535 911 2603 ad
936 2558 1105 2603 summam
1129 2545 1244 2601 tamon

170 2665 276 2755 pluris
293 2664 417 2730 ducere
439 2685 541 2752 quam
558 2671 740 2750 sequentes
756 2661 860 2727 duces
880 2661 1044 2741 civitatis3
1062 2670 1095 2727 et
1114 2683 1182 2726 non
1200 2661 1246 2726 ita

170 2790 274 2877 longo
300 2799 408 2854 tractu
430 2787 592 2876 temporis
613 2787 832 2853 continentur
852 2795 884 2852 et
900 2785 1038 2852 humilis
1060 2785 1123 2851 iste
1145 2784 1246 2851 Athe-

172 2914 343 2980 niensium
367 2911 501 2978 habitus
518 2912 622 2977 vitam
647 2912 681 2976 in
705 2911 837 3000 pusillis
860 2922 892 2977 et
918 2911 1057 2978 minutis
1083 2910 1247 2977 archonte

173 3038 306 3105 Eubulo
345 3038 566 3126 degentium,
604 3047 636 3102 et
675 3059 835 3125 suprema
873 3036 930 3101 illa
970 3035 1245 3126 expergefactio,

174 3164 404 3231 Demosthene
430 3171 583 3241 auctore,
612 3161 706 3228 urbis
731 3184 818 3250 quae
848 3161 928 3228 olim
957 3161 1121 3227 Graeciae
1147 3169 1248 3250 caput

175 3291 297 3383 luerat.
320 3289 381 3354 His
396 3287 620 3377 temporibuS,
638 3287 671 3353 in
693 3286 834 3352 Athenis
850 3285 1022 3365 demissiS,
1036 3286 1133 3352 Plato
1150 3307 1247 3353 suam

175 3437 238 3481 nec
265 3424 507 3502 augescentem
527 3436 590 3479 nec
616 3412 870 3479 decrescentem
896 3411 1067 3478 civitatem
1098 3409 1247 3489 fovebat,

176 3562 263 3627 quac
284 3539 477 3604 assimulari
502 3537 591 3604 haud
610 3537 781 3608 immerito
801 3536 947 3624 collegio
964 3535 1098 3601 cuidam
1120 3543 1247 3622 posset.

177 3703 217 3711 —
245 3663 347 3751 Atqui
377 3672 457 3728 tunc
486 3662 680 3752 Syracusis,
704 3663 738 3727 in
764 3661 954 3739 Thessalia,
982 3670 1014 3725 et
1042 3659 1148 3725 multo
1179 3657 1251 3724 feli-

90 3811 93 3814 ’
177 3789 250 3854 cius
270 3789 303 3852 iu
330 3786 530 3853 Macedonia
552 3786 716 3875 quosdam
740 3796 905 3876 tyrannos
927 3783 1017 3850 aliud
1039 3794 1071 3849 et
1088 3783 1252 3873 prolatius

179 3935 280 4001 quam
313 3911 433 3977 civitas
465 3921 556 3977 esset
586 3911 793 4001 reipublicae
821 3934 930 3999 genus
960 3911 1151 3975 instaurare
1182 3920 1253 3974 ten-

179 4038 306 4104 tavisse
334 4060 416 4102 sane
442 4037 681 4126 pervulgatum
706 4046 789 4103 erat.
814 4036 878 4105 Sed
905 4060 924 4101 a
948 4034 1167 4102 monarchiae
1195 4056 1253 4100 ra-

179 4164 285 4241 tione,
303 4162 404 4228 etiam
423 4162 455 4227 in
473 4161 636 4250 Legibus
659 4161 691 4227 id
708 4171 840 4228 tantum
857 4160 953 4227 Plato
974 4168 1150 4226 mutuatur
1167 4158 1255 4247 quod
