2804 4814
608 283 786 346 ..55-

158 435 252 515 bant,
269 435 393 524 quibus
417 437 464 502 nil
485 436 662 526 pulchrius
680 434 975 523 humana'ligura
993 435 1039 502 nil
1052 431 1235 526 ¹praestan·

159 560 226 627 tius
240 582 382 650 corpore
401 560 488 627 bene
504 560 704 640 exercitam,
727 557 934 628 vel'eivitat'e
947 558 1040 640 bene
1051 553 1235 631 constituta

159 684 351 765 videbatur,
381 695 414 752 ct
444 685 500 774 qui
530 686 645 753 Persis
679 685 872 752 barbariam
899 686 1117 776 ‘imputabant
1145 682 1235 777 quod

159 810 286 876 infame
301 809 466 877 ducerent
480 832 604 899 corpus
624 809 766 879 nudare.

205 938 277 1005 Hoc
302 959 438 1026 quoque
465 936 653 1005 notandum
679 945 730 1004 est
752 961 758 1004 :
777 936 1041 1005 Meditabundus
1069 949 1101 1006 et
1118 963 1234 1007 seeum

160 1062 317 1150 cogitans
334 1058 536 1130 solitudines
554 1072 789 1151 persequetur,
812 1072 845 1129 et
864 1085 904 1130 eo
921 1063 996 1155 ipso
1017 1087 1119 1153 agros
1139 1076 1236 1134 natu-

160 1207 303 1275 ramque
321 1195 449 1253 muta-m
466 1186 603 1253 amabit.
617 1187 747 1254 Verum
769 1187 900 1255 Socrati
913 1188 967 1254 vel
977 1188 1110 1256 Platoni
1129 1190 1236 1279 pbilo-

161 1310 299 1399 sophari
316 1333 383 1377 non
405 1320 456 1376 est
476 1309 587 1377 solum
604 1310 828 1377 commentari
843 1334 974 1392 secum,
991 1312 1050 1379 sed
1063 1336 1140 1380 cum
1158 1313 1234 1380 aliis

162 1435 323 1524 colloqui.
349 1439 451 1524 Λόγος
469 1435 570 1501 simul
592 1435 807 1503 ratiocinatio
830 1446 881 1502 est
897 1447 930 1504 et
946 1436 997 1503 vis
1013 1437 1086 1527 ipsa
1102 1439 1187 1519 veri,
1204 1447 1238 1506 et

155 1563 289 1639 sermo,
317 1559 350 1625 id
379 1569 431 1626 est
454 1558 652 1649 disputatio,
677 1560 709 1627 id
739 1571 788 1628 est
814 1563 886 1628 veri
914 1562 1089 1651 indagatio
1116 1574 1233 1631 mutua

161 1706 308 1751 censura
327 1683 444 1750 tutior.
459 1685 535 1765 Quo
556 1685 597 1750 ad
615 1685 695 1774 quid
712 1685 822 1775 magis
842 1697 1112 1754 consentaneum
1136 1697 1237 1755 estut

163 1809 320 1875 homines
342 1817 480 1875 utantur
496 1831 597 1897 quam
615 1809 657 1876 ad
672 1833 727 1876 res
742 1832 943 1878 communes
957 1812 1140 1901 gerendas,
1154 1836 1235 1901 qua-

168 2059 256 2127 Cum
272 2058 408 2124 civitate
425 2059 648 2126 commixtum
666 2058 794 2147 aliquid
814 2059 914 2127 homo
931 2061 1048 2140 el'licit,
1071 2082 1176 2149 quum
1194 2083 1237 2126 ex

163 2184 304 2250 Platone
318 2183 441 2273 partim
453 2184 639 2272 imaginem
653 2207 755 2251 verae
768 2184 915 2252 civitatis
927 2185 968 2252 ab
980 2187 1114 2275 integro
1132 2184 1234 2251 infor-

164 2318 291 2388 mante,
317 2308 438 2397 partim
465 2308 654 2375 secundum
680 2331 752 2375 rem
785 2309 1012 2390 describente,
1041 2309 1161 2376 civitas
1193 2310 1236 2375 sit

165 2435 261 2523 quasi
287 2434 383 2502 locus
408 2434 624 2522 singulorum
654 2435 837 2501 virtutibus
862 2435 1051 2524 patefactus
1077 2445 1109 2501 et
1134 2434 1236 2502 simul

166 2559 270 2625 veluti
289 2557 391 2624 homo
409 2580 497 2624 uuus
519 2559 561 2624 sit
585 2557 643 2624 sed
660 2559 900 2647 amplificatus
919 2559 1107 2648 eademque
1129 2559 1238 2647 magis

167 2705 233 2749 una
248 2681 320 2747 fieri
333 2681 439 2770 possit
454 2682 574 2748 vinclis
588 2690 620 2748 et
635 2681 811 2748 affectibus
827 2683 952 2749 civium
969 2684 1106 2772 (quibus
1123 2683 1239 2749 omnia

165 2806 361 2874 communia
375 2806 487 2873 iurent
498 2809 523 2893 ¹)
535 2829 616 2872 vere
632 2806 792 2874 fraternis
804 2830 871 2874 non
888 2831 947 2897 per
963 2808 1237 2888 similitudinem,

167 2930 224 2997 sed
245 2953 293 2996 re.

212 3057 280 3123 Nec
303 3065 418 3122 tamen
444 3055 527 3138 baec
547 3054 700 3122 Platonis
721 3064 753 3121 et
774 3057 968 3145 aequalium
990 3080 1131 3123 suorum
1153 3058 1239 3124 ratio

167 3205 207 3248 eo
228 3180 335 3247 tendit
355 3190 390 3246 ut
413 3188 536 3246 natura
557 3180 698 3247 omnino
719 3181 760 3246 ab
776 3181 816 3247 iis
838 3204 899 3271 pro
922 3182 1029 3249 nilrilo
1048 3181 1237 3263 habeatur3

168 3307 259 3397 atqui
281 3329 358 3373 cum
380 3329 420 3372 ea
436 3329 572 3396 quoque
591 3307 627 3373 fit
651 3317 686 3374 ut
706 3308 823 3386 bomo,
848 3313 929 3396 Ζῷον
951 3318 1019 3375 tam
1044 3331 1241 3398 congrega-

168 3431 234 3498 bile
251 3432 285 3497 in
306 3431 515 3520 colloquium
533 3432 648 3498 veniat
663 3433 742 3499 dum
761 3455 835 3498 eam
857 3433 944 3499 vivis
969 3444 1002 3501 et
1022 3434 1241 3522 loquentibus

168 3556 366 3623 numinibus
396 3556 642 3623 redundantem
668 3580 743 3624 esse
770 3557 879 3646 lingit.
907 3559 1041 3624 Etenim
1063 3559 1159 3625 locus
1183 3559 1242 3625 ali-

169 3681 259 3770 quiS,
277 3704 347 3761 res,
370 3682 458 3747 intra
480 3704 566 3770 quae
584 3704 670 3770 gens
696 3683 809 3771 aliqua
829 3683 949 3762 crevit,
974 3694 1009 3750 ut
1029 3683 1244 3772 frequentata

166 3805 326 3872 videntur
337 3828 411 3872 esso
424 3790 796 3895 copiaiamiliariumet
809 3807 1008 3873 salutarium
1021 3807 1241 3890 daemonum,

169 3952 283 3996 nonne
314 3930 453 4019 iugenio
485 3933 650 3997 memoria
683 3932 848 3998 innutrito
885 3932 1015 3999 fabulas
1053 3944 1244 4023 suggerunt

199 4203 208 4236 ¹
227 4204 319 4266 Resp.,
331 4203 364 4264 V,
376 4206 421 4253 457
432 4203 458 4252 d.
