2804 4814
610 271 785 336 ..34-

159 425 272 493 trahat
291 424 348 491 uhi
365 425 419 491 hic
435 445 640 514 progressus
655 423 793 504 desinit,
814 422 871 490 ubi
887 432 1002 489 tamen
1026 422 1232 512 principium

161 553 273 619 omnis
289 552 381 619 illius
397 575 601 642 progressus
623 562 655 618 ct
669 575 833 619 ascensus
846 554 950 641 jacet.

206 677 301 744 Adde
321 700 457 767 quoque
479 677 568 767 quod
594 677 652 743 vix
671 676 772 743 desiit
791 698 995 766 progressus
1020 675 1236 754 dialecticus

162 812 195 870 et
214 803 249 869 in
267 801 472 869 descensum
484 825 520 868 se
531 802 713 882 convertit,
731 812 928 891 perpetuam
945 802 994 867 sic
1009 799 1235 868 mobilitatem

163 928 257 994 ciens
278 926 319 993 ad
340 927 526 1016 imaginem
548 927 737 993 universil.
754 928 822 994 Vix
841 926 984 1016 pulchro
1005 919 1053 992 illi
1073 935 1238 992 extraneo

164 1051 352 1119 secuudum
379 1061 537 1118 naturam
555 1052 749 1142 oppositum
768 1051 833 1118 luit
854 1051 1036 1141 pulchrum
1057 1074 1117 1141 per
1143 1073 1179 1117 se
1200 1073 1238 1116 ao

165 1176 354 1247 secundum
377 1177 544 1256 animum,
572 1186 604 1243 et
625 1176 724 1243 ambo
747 1185 1012 1266 componuntur,
1034 1186 1067 1242 et
1091 1174 1176 1242 illud
1196 1172 1238 1240 ab

165 1302 230 1370 hoc
254 1303 290 1368 in
312 1302 433 1368 melius
458 1301 661 1369 restituitur.
689 1300 771 1368 Inde
792 1301 901 1368 oritur
917 1301 1098 1391 pulchrum
1118 1300 1184 1367 hoc
1203 1301 1238 1366 in

165 1427 288 1494 habitu·
316 1437 349 1493 et
372 1436 472 1516 gestu
503 1436 536 1493 et
567 1449 739 1506 sermone,
757 1425 860 1492 etiam
884 1426 919 1492 in
946 1426 1072 1492 amictu
1100 1448 1238 1514 compo-

166 1551 292 1630 nendo,
302 1590 346 1600 —
361 1550 493 1641 pulchri
510 1550 617 1640 ipsius
629 1572 668 1616 ac
678 1551 838 1639 generosi
855 1541 1035 1640 cujusdam
1049 1549 1154 1616 animi
1167 1571 1236 1616 non

167 1676 389 1743 simulacrum
401 1675 548 1741 mendax
562 1674 621 1742 sed
633 1675 729 1764 quasi
743 1674 869 1741 halitus
885 1685 918 1741 et
928 1674 1086 1754 radiatio,
1106 1715 1146 1724 -
1162 1673 1241 1741 inde

168 1801 289 1868 arsilla
306 1801 360 1867 vel
380 1800 593 1867 concinnitas
609 1809 765 1866 naturam
779 1799 986 1866 antecellens
1001 1799 1176 1866 intellectu
1192 1799 1242 1866 ni·
1302 1847 1308 1862 .

168 1937 243 1993 tens
258 1948 358 2014 quam
375 1926 592 2013 εὐσχημονίαςῖ
606 1925 745 1991 nomine
761 1924 909 1991 hominis
921 1923 1071 1991 liberalis
1092 1935 1125 1991 et
1142 1924 1242 1991 otiosi

169 2052 264 2118 idest
279 2049 472 2140 philosophi
484 2049 660 2139 proprium
671 2072 747 2115 esse
760 2049 855 2116 Plato
863 2049 1014 2116 asserit3.
1030 2048 1128 2130 Quod
1140 2049 1242 2116 etiam

169 2176 285 2242 verius
296 2175 361 2242 dici
377 2184 488 2264 potest
503 2173 543 2240 de
559 2174 771 2264 philosophis
785 2174 839 2240 his
860 2175 894 2241 in
914 2175 1090 2241 Platonica
1105 2175 1243 2241 civitate

170 2299 380 2391 principibus
398 2299 495 2366 lactis
511 2309 544 2366 et
560 2299 648 2390 apud
661 2322 747 2388 quos
760 2310 972 2388 postremum
989 2303 1245 2390 conjungentur

171 2436 205 2493 et
214 2434 463 2516 componentur
474 2425 531 2491 illa
542 2447 651 2514 nuper
661 2426 845 2505 contraria,
858 2426 910 2491 vis
921 2435 954 2491 et
963 2425 1109 2514 justitia,
1122 2436 1245 2492 natura

172 2562 204 2620 et
220 2553 286 2628 lex,
309 2552 452 2620 felicitas
473 2560 505 2617 et
525 2551 647 2630 virtus,
668 2552 820 2640 corporis
841 2561 874 2618 et
889 2551 993 2617 animi
1009 2552 1189 2640 optimum.

219 2805 249 2870 ὃ.
260 2843 303 2853 -
319 2805 407 2870 Dum
424 2802 506 2868 illud
522 2801 612 2891 quod
630 2801 664 2867 in
675 2801 817 2890 pulchro
840 2802 944 2868 animi
961 2811 1013 2868 est
1025 2802 1248 2869 denuntiatur

174 2929 351 2996 dialectica
383 2927 528 3018 quadam
547 2936 704 2994 naturam
734 2926 865 3016 pulchri
899 2927 940 2993 ad
970 2927 1185 3017 sapientiam,
1208 2927 1248 2995 ad

175 3053 416 3135 veritatem,ad
427 3053 591 3142 optimum
603 3050 1022 3141 revocante,-hocquod
1033 3051 1205 3120 adsensus
1216 3059 1250 3122 et

176 3204 300 3270 corpus
317 3180 437 3246 attinet
452 3201 521 3244 non
542 3201 582 3244 eo
602 3178 675 3267 ipso
692 3187 825 3244 utvana
837 3187 969 3244 tantum
986 3178 1116 3266 species
1138 3177 1250 3244 abole-

176 3316 245 3385 tur,
264 3304 323 3371 sed
343 3303 512 3371 consimili
529 3303 661 3370 ratione
680 3302 857 3392 dispicitur
878 3313 910 3370 et
929 3303 1124 3370 resolvitur.
1144 3304 1251 3371 Prout

178 3430 337 3497 sensibus
353 3439 550 3519 perceptum
568 3439 632 3507 est,
651 3427 792 3518 pulchro
819 3426 925 3508 color,
946 3428 1076 3504 lumen,
1102 3428 1248 3518 specieS,

178 3555 303 3642 ligura,
322 3555 375 3621 vel
397 3554 499 3620 etiam
522 3576 627 3619 sonus
648 3554 748 3619 inest.
766 3556 807 3620 ht
827 3553 936 3642 ligura
958 3553 998 3619 ad
1023 3553 1248 3642 geometriam

210 3870 352 3930 1Τὶ,366,
369 3872 399 3916 90
412 3866 438 3916 d.

210 3968 282 4016 ²Vel
300 3954 537 4035 εὐσχημοσύνης.

211 4057 459 4137 3ἀναβάλλεσθαι
485 4055 569 4121 δὀὐκ
599 4063 791 4138 ἐπισταμένου
818 4060 946 4136 ἐπιδέξια
978 4062 1044 4124 οὐδὲ
1078 4059 1252 4146 γ’ἁρμονίαν

180 4170 291 4250 λὲγων.
310 4179 415 4241 Theot,
430 4181 474 4226 175
486 4191 509 4226 e.
520 4204 551 4213 -
562 4176 626 4227 Vide
639 4179 721 4226 etiam
734 4179 841 4242 Ramp,
852 4177 909 4227 v11.
