2804 4814
574 269 751 335 ..31-

167 422 255 490 Illud
279 422 384 511 igitur
405 431 613 512 postremum
640 423 720 490 huic
746 422 889 514 pulchro
914 423 1014 511 cujus
1034 430 1157 487 natura
1179 443 1198 487 a

123 547 265 615 Platone
276 547 479 637 concipitur,
490 547 709 615 tribuendum
719 557 773 615 est
784 546 875 637 quod
891 547 1039 613 maxime
1050 546 1155 612 enitet
1163 545 1197 617 in

122 672 291 739 vincendo
320 673 501 762 pulchrum
531 673 620 740 istud
659 673 847 741 secundum
878 683 1035 739 naturam
1069 672 1102 738 in
1131 696 1198 761 quo

126 797 223 863 Plato
241 797 287 862 ita
303 807 536 865 commoratus
557 807 608 863 est
629 809 665 865 ut
681 799 824 865 victoria
843 796 885 864 de
901 820 941 863 eo
956 819 1074 886 parum
1089 797 1199 863 facilis

122 921 331 1011 apparuerit.

166 1089 198 1152 l.
228 1086 383 1175 -Ergo
413 1085 500 1176 apud
527 1086 703 1154 Platonem
728 1109 809 1152 vere
834 1085 1012 1176 pulchrum
1041 1085 1130 1153 idem
1159 1109 1198 1153 ac

121 1211 303 1278 honestum
322 1220 385 1291 est,
399 1211 426 1277 si
443 1212 580 1301 singula
594 1210 792 1279 consideres
809 1220 867 1277 aut
878 1211 1052 1299 leges,aut
1068 1209 1195 1290 studia,

121 1345 178 1402 ant
195 1357 320 1415 mores
339 1347 397 1403 aut
416 1346 527 1426 gesta,
540 1345 598 1403 aut
619 1358 795 1426 personas.
811 1337 852 1401 At
871 1335 1051 1424 pulchrum
1069 1335 1195 1424 ipsum,

120 1460 300 1551 pulchrum
323 1484 382 1550 per
397 1485 434 1528 se
449 1464 549 1552 cujus
562 1461 699 1550 singula
715 1460 857 1551 pulchra
873 1469 1006 1527 tantum
1026 1461 1196 1549 imagines

121 1595 213 1665 sunt,
235 1609 298 1652 nec
313 1586 470 1653 sensibus
492 1609 554 1653 nec
576 1586 608 1652 vi
631 1609 670 1652 ea
691 1608 758 1674 qua
774 1585 958 1673 imaginem
981 1585 1127 1676 alicujus
1147 1561 1195 1652 rei

120 1710 328 1798 cogitatione
353 1711 604 1801 amplectimur,
626 1709 685 1776 sed
706 1710 821 1776 animo
842 1718 972 1776 tantum
1000 1709 1193 1776 videmus1.

122 1860 137 1898 ιι
156 1834 340 1901 Pulchrum
354 1835 536 1913 etbonum,
555 1835 679 1902 dicitur
696 1834 783 1924 apud
795 1833 1027 1914 Phaedonem,
1042 1857 1195 1924 unquam
1293 1882 1295 1886 ι

120 1959 228 2026 oculis
247 1959 459 2027 vidistine‘l»
479 1960 610 2049 Aliquis
623 1960 765 2026 forsitan
785 1958 944 2048 objiciet:
968 1959 1057 2027 Sane
1075 1983 1116 2026 ex
1133 1960 1196 2026 lrac

120 2083 275 2150 doctrina
294 2084 431 2151 Pulchri
448 2084 626 2175 eujusdam
648 2083 738 2173 quod
756 2092 868 2150 mente
880 2093 1053 2163 cernatur,
1072 2083 1195 2149 intelli-

120 2208 269 2296 gendum
292 2219 343 2276 est
357 2210 388 2276 in
404 2209 546 2298 pulchra
559 2209 673 2298 aliqua
685 2231 721 2274 re
734 2208 830 2296 quasi
848 2208 1022 2275 stimulum
1036 2231 1111 2274 esse
1128 2231 1195 2298 quo

120 2333 249 2400 incitati
273 2333 453 2422 adigamur
475 2333 515 2400 ad
540 2332 840 2423 contemplandum
865 2342 898 2399 et
921 2332 1193 2423 amplectendum

120 2456 299 2546 pulchrum
313 2458 527 2537 universum,
542 2467 619 2546 post
630 2457 769 2547 pulchra
782 2480 925 2547 corpora
942 2456 1104 2547 quidquid
1122 2458 1193 2546 pul·
1244 2483 1246 2486 ·
1262 2533 1264 2537 ,

120 2580 238 2648 chrum
258 2581 445 2648 secundum
461 2582 612 2648 animum
634 2591 755 2652 exstet.
780 2582 845 2651 Sed
862 2582 1041 2672 pulchrum
1054 2582 1120 2649 lioc
1134 2605 1194 2672 per

120 2729 169 2786 se,
204 2706 335 2795 figurae
364 2730 499 2798 experS,
531 2707 607 2774 lons
636 2709 747 2775 omnis
772 2708 1050 2798 pulchritudinis
1080 2731 1194 2776 nonne

119 2829 302 2898 ludibrium
316 2833 548 2921 cogitationis,
564 2856 657 2900 more
670 2833 941 2913 dialecticorum,
956 2832 1068 2899 verbis
1084 2835 1194 2922 magis

121 2978 223 3043 quam
238 2955 340 3022 rebus
359 2957 523 3037 intentae,
547 2957 684 3026 videtur
704 2981 793 3038 esse,
812 2980 926 3025 nonne
943 2957 1068 3047 aliquid
1094 2957 1195 3026 babet

120 3066 269 3147 nominis
285 3082 384 3147 vacui
406 3103 466 3171 pro
487 3105 524 3148 re
545 3105 624 3148 vere
641 3073 821 3166 existente,
845 3105 905 3173 pro
927 3106 1031 3149 causa
1052 3092 1084 3150 et
1103 3085 1194 3173 prin-

119 3205 207 3294 cipio
221 3228 338 3272 rerum
354 3229 434 3273 vere
450 3207 670 3274 existentium
685 3208 874 3297 assumpti?
888 3208 976 3290 Quid
992 3231 1068 3275 esse
1084 3219 1195 3299 potest

120 3329 301 3418 pulchrum
322 3330 412 3397 istud
433 3354 555 3421 expers
578 3331 736 3421 figurae‘.l
759 3372 802 3381 -
835 3333 888 3400 Nil
912 3332 1017 3413 aliud,
1040 3343 1074 3400 ut
1096 3333 1194 3400 nobis

120 3453 275 3538 videtur,
305 3440 408 3544 quam
435 3455 562 3523 bonum
591 3465 649 3524 aut
675 3479 794 3524 verum
824 3467 882 3524 aut
902 3457 934 3523 id
958 3457 1048 3546 quod
1073 3439 1194 3525 revera

111 3580 235 3647 existit
254 3590 287 3648 et
316 3581 527 3648 immutabile
543 3592 576 3648 et
600 3592 777 3648 aeternum
805 3591 869 3662 est,
890 3580 922 3647 id
949 3584 1192 3673 propterquod

49 3733 53 3740 ¹
120 3705 235 3774 omnia
264 3697 377 3773 cetera
401 3716 559 3773 amantur
586 3717 618 3773 et
637 3705 914 3787 desiderantur2,
938 3706 1019 3773 illud
1043 3711 1193 3797 purum³

148 3880 157 3914 ¹
176 3880 297 3942 Phaedo,
316 3883 345 3930 65
358 3880 384 3930 d.

148 3977 159 4012 ²
175 3978 209 4026 V.
222 3976 322 4041 Lysim,
338 3977 392 4028 loc.
406 3978 481 4028 citat.

149 4074 161 4110 ³
177 4075 300 4139 Phaedo,
313 4079 343 4126 79
356 4090 379 4127 c.
397 4068 430 4128 ab
447 4064 575 4147 καθαρὸν
591 4089 623 4127 τε
637 4064 686 4127 καὶ
698 4061 743 4127 ἀεὶ
760 4065 804 4126 ἕν.

148 4170 418 4256 Ριιιιιάο,66ιι.αιίτῇ
433 4167 595 4250 καθ’ἁυτὴν
611 4168 765 4255 εἰλικρινεῖ
780 4183 816 4255 τῇ
833 4173 942 4257 διανοίᾳ
952 4168 1109 4255 χρώμενος
1122 4171 1191 4235 αὐτὸ

117 4273 260 4341 καθἀὑτὸ
280 4275 437 4362 εἱλικρινὲς
454 4279 576 4342 ἕκαστον
593 4281 755 4361 ἐπιχειροίη
773 4281 906 4361 θηρεύειν
921 4283 978 4340 τῶν
996 4280 1098 4342 ὄντων.
