<?xml version="1.0" encoding="UTF-8"?>
<!DOCTYPE html PUBLIC "-//W3C//DTD XHTML 1.0 Transitional//EN"
    "http://www.w3.org/TR/xhtml1/DTD/xhtml1-transitional.dtd">
<html xmlns="http://www.w3.org/1999/xhtml" xml:lang="en" lang="en">
 <head>
  <title>
</title>
<meta http-equiv="Content-Type" content="text/html;charset=utf-8" />
  <meta name='ocr-system' content='tesseract 3.04.00' />
  <meta name='ocr-capabilities' content='ocr_page ocr_carea ocr_par ocr_line ocrx_word'/>
</head>
<body>
  <div class='ocr_page' id='page_1' title='image "./quaesitdoctrina00prgoog_0095.png"; bbox 0 0 2804 4814; ppageno 0'>
   <div class='ocr_carea' id='block_1_1' title="bbox 609 264 784 326">
    <p class='ocr_par' dir='ltr' id='par_1_1' title="bbox 609 264 784 326">
     <span class='ocr_line' id='line_1_1' title="bbox 609 264 784 326; baseline 0.006 -16"><span class='ocrx_word' id='word_1_1' title='bbox 609 264 784 326; x_wconf 43' lang='lat'>44..</span> 
     </span>
    </p>
   </div>
   <div class='ocr_carea' id='block_1_2' title="bbox 160 414 1238 508">
    <p class='ocr_par' dir='ltr' id='par_1_2' title="bbox 160 414 1238 508">
     <span class='ocr_line' id='line_1_2' title="bbox 160 414 1238 508; baseline 0.006 -28"><span class='ocrx_word' id='word_1_2' title='bbox 160 414 278 480; x_wconf 79' lang='lat' dir='ltr'>audaci</span> <span class='ocrx_word' id='word_1_3' title='bbox 294 423 326 480; x_wconf 82' lang='lat' dir='ltr'>ct</span> <span class='ocrx_word' id='word_1_4' title='bbox 339 423 451 481; x_wconf 84' lang='lat' dir='ltr'>astuto</span> <span class='ocrx_word' id='word_1_5' title='bbox 467 416 625 495; x_wconf 89' lang='lat' dir='ltr'>consilio,</span> <span class='ocrx_word' id='word_1_6' title='bbox 643 417 694 482; x_wconf 93' lang='lat' dir='ltr'>vel</span> <span class='ocrx_word' id='word_1_7' title='bbox 711 416 854 483; x_wconf 76' lang='lat' dir='ltr'>feliciter</span> <span class='ocrx_word' id='word_1_8' title='bbox 868 416 901 482; x_wconf 94' lang='lat' dir='ltr'>in</span> <span class='ocrx_word' id='word_1_9' title='bbox 922 439 1027 482; x_wconf 91' lang='lat' dir='ltr'>unum</span> <span class='ocrx_word' id='word_1_10' title='bbox 1045 441 1238 508; x_wconf 84' lang='lat' dir='ltr'>congruen-</span> 
     </span>
    </p>
   </div>
   <div class='ocr_carea' id='block_1_3' title="bbox 159 538 1308 3378">
    <p class='ocr_par' dir='ltr' id='par_1_3' title="bbox 159 538 1308 3378">
     <span class='ocr_line' id='line_1_3' title="bbox 160 538 1238 634; baseline 0.006 -29"><span class='ocrx_word' id='word_1_11' title='bbox 160 538 251 606; x_wconf 87' lang='lat' dir='ltr'>tibus</span> <span class='ocrx_word' id='word_1_12' title='bbox 264 538 384 605; x_wconf 78' lang='lat' dir='ltr'>rebus¹</span> <span class='ocrx_word' id='word_1_13' title='bbox 399 539 555 620; x_wconf 82' lang='lat' dir='ltr'>invectis,</span> <span class='ocrx_word' id='word_1_14' title='bbox 567 541 625 607; x_wconf 89' lang='lat' dir='ltr'>sed</span> <span class='ocrx_word' id='word_1_15' title='bbox 641 541 751 620; x_wconf 91' lang='lat' dir='ltr'>bonis,</span> <span class='ocrx_word' id='word_1_16' title='bbox 768 541 813 607; x_wconf 84' lang='lat' dir='ltr'>ita</span> <span class='ocrx_word' id='word_1_17' title='bbox 826 541 1053 631; x_wconf 90' lang='lat' dir='ltr'>componendi</span> <span class='ocrx_word' id='word_1_18' title='bbox 1077 554 1160 610; x_wconf 85' lang='lat' dir='ltr'>sunt</span> <span class='ocrx_word' id='word_1_19' title='bbox 1179 568 1238 634; x_wconf 91' lang='lat' dir='ltr'>per</span> 
     </span>
     <span class='ocr_line' id='line_1_4' title="bbox 159 663 1238 754; baseline 0.005 -25"><span class='ocrx_word' id='word_1_20' title='bbox 159 663 323 730; x_wconf 91' lang='lat' dir='ltr'>ludumse</span> <span class='ocrx_word' id='word_1_21' title='bbox 341 664 374 730; x_wconf 94' lang='lat' dir='ltr'>in</span> <span class='ocrx_word' id='word_1_22' title='bbox 386 675 519 752; x_wconf 83' lang='lat' dir='ltr'>gratam</span> <span class='ocrx_word' id='word_1_23' title='bbox 530 665 743 754; x_wconf 90' lang='lat' dir='ltr'>disciplinam</span> <span class='ocrx_word' id='word_1_24' title='bbox 754 675 945 732; x_wconf 86' lang='lat' dir='ltr'>vertentem</span> <span class='ocrx_word' id='word_1_25' title='bbox 964 676 1100 746; x_wconf 81' lang='lat' dir='ltr'>ut,cum</span> <span class='ocrx_word' id='word_1_26' title='bbox 1117 669 1238 736; x_wconf 90' lang='lat' dir='ltr'>iisdem</span> 
     </span>
     <span class='ocr_line' id='line_1_5' title="bbox 160 787 1234 879; baseline 0.005 -25"><span class='ocrx_word' id='word_1_27' title='bbox 160 788 324 855; x_wconf 82' lang='lat' dir='ltr'>institutis</span> <span class='ocrx_word' id='word_1_28' title='bbox 341 787 465 877; x_wconf 90' lang='lat' dir='ltr'>quibus</span> <span class='ocrx_word' id='word_1_29' title='bbox 477 789 618 855; x_wconf 85' lang='lat' dir='ltr'>lundata</span> <span class='ocrx_word' id='word_1_30' title='bbox 630 790 686 869; x_wconf 85' lang='lat' dir='ltr'>sil,</span> <span class='ocrx_word' id='word_1_31' title='bbox 698 790 818 856; x_wconf 87' lang='lat' dir='ltr'>civitas</span> <span class='ocrx_word' id='word_1_32' title='bbox 829 789 953 856; x_wconf 87' lang='lat' dir='ltr'>durare</span> <span class='ocrx_word' id='word_1_33' title='bbox 968 791 1085 879; x_wconf 85' lang='lat' dir='ltr'>possit.</span> <span class='ocrx_word' id='word_1_34' title='bbox 1097 793 1234 859; x_wconf 80' lang='lat' dir='ltr'>Etenim</span> 
     </span>
     <span class='ocr_line' id='line_1_6' title="bbox 161 913 1238 1006; baseline 0.005 -27"><span class='ocrx_word' id='word_1_35' title='bbox 161 936 265 1003; x_wconf 90' lang='lat' dir='ltr'>quum</span> <span class='ocrx_word' id='word_1_36' title='bbox 283 936 302 978; x_wconf 90' lang='lat' dir='ltr'>a</span> <span class='ocrx_word' id='word_1_37' title='bbox 321 913 495 1003; x_wconf 87' lang='lat' dir='ltr'>voluptate</span> <span class='ocrx_word' id='word_1_38' title='bbox 516 924 549 981; x_wconf 91' lang='lat' dir='ltr'>et</span> <span class='ocrx_word' id='word_1_39' title='bbox 563 913 680 980; x_wconf 88' lang='lat' dir='ltr'>doloro</span> <span class='ocrx_word' id='word_1_40' title='bbox 698 925 734 981; x_wconf 91' lang='lat' dir='ltr'>ut</span> <span class='ocrx_word' id='word_1_41' title='bbox 757 938 776 981; x_wconf 90' lang='lat' dir='ltr'>a</span> <span class='ocrx_word' id='word_1_42' title='bbox 796 914 929 981; x_wconf 92' lang='lat' dir='ltr'>duobus</span> <span class='ocrx_word' id='word_1_43' title='bbox 946 915 1123 982; x_wconf 76' lang='lat' dir='ltr'>lontibus²</span> <span class='ocrx_word' id='word_1_44' title='bbox 1143 917 1238 1006; x_wconf 67' lang='lat' dir='ltr'>quid-</span> 
     </span>
     <span class='ocr_line' id='line_1_7' title="bbox 162 1036 1240 1127; baseline 0.006 -25"><span class='ocrx_word' id='word_1_45' title='bbox 162 1036 243 1125; x_wconf 89' lang='lat' dir='ltr'>quid</span> <span class='ocrx_word' id='word_1_46' title='bbox 259 1036 300 1103; x_wconf 88' lang='lat' dir='ltr'>ad</span> <span class='ocrx_word' id='word_1_47' title='bbox 316 1059 427 1103; x_wconf 93' lang='lat' dir='ltr'>mores</span> <span class='ocrx_word' id='word_1_48' title='bbox 449 1037 587 1104; x_wconf 80' lang='lat' dir='ltr'>attineat</span> <span class='ocrx_word' id='word_1_49' title='bbox 604 1038 853 1127; x_wconf 84' lang='lat' dir='ltr'>proficiscatur,</span> <span class='ocrx_word' id='word_1_50' title='bbox 871 1062 912 1104; x_wconf 88' lang='lat' dir='ltr'>ex</span> <span class='ocrx_word' id='word_1_51' title='bbox 929 1038 995 1104; x_wconf 92' lang='lat' dir='ltr'>illis</span> <span class='ocrx_word' id='word_1_52' title='bbox 1009 1041 1123 1107; x_wconf 90' lang='lat' dir='ltr'>omnis</span> <span class='ocrx_word' id='word_1_53' title='bbox 1140 1041 1240 1108; x_wconf 87' lang='lat' dir='ltr'>disci-</span> 
     </span>
     <span class='ocr_line' id='line_1_8' title="bbox 161 1161 1240 1255; baseline 0.005 -27"><span class='ocrx_word' id='word_1_54' title='bbox 161 1162 253 1252; x_wconf 87' lang='lat' dir='ltr'>plina</span> <span class='ocrx_word' id='word_1_55' title='bbox 268 1162 405 1251; x_wconf 91' lang='lat' dir='ltr'>pendet,</span> <span class='ocrx_word' id='word_1_56' title='bbox 428 1172 461 1228; x_wconf 93' lang='lat' dir='ltr'>et</span> <span class='ocrx_word' id='word_1_57' title='bbox 480 1161 571 1228; x_wconf 88' lang='lat' dir='ltr'>circa</span> <span class='ocrx_word' id='word_1_58' title='bbox 592 1172 775 1252; x_wconf 91' lang='lat' dir='ltr'>utrumque</span> <span class='ocrx_word' id='word_1_59' title='bbox 795 1164 1055 1252; x_wconf 87' lang='lat' dir='ltr'>temperandum</span> <span class='ocrx_word' id='word_1_60' title='bbox 1073 1175 1106 1232; x_wconf 91' lang='lat' dir='ltr'>et</span> <span class='ocrx_word' id='word_1_61' title='bbox 1120 1188 1240 1255; x_wconf 84' lang='lat' dir='ltr'>regen-</span> 
     </span>
     <span class='ocr_line' id='line_1_9' title="bbox 162 1286 1241 1379; baseline 0.004 -26"><span class='ocrx_word' id='word_1_62' title='bbox 162 1286 243 1353; x_wconf 93' lang='lat' dir='ltr'>dum</span> <span class='ocrx_word' id='word_1_63' title='bbox 266 1286 312 1352; x_wconf 86' lang='lat' dir='ltr'>ita</span> <span class='ocrx_word' id='word_1_64' title='bbox 329 1295 364 1352; x_wconf 85' lang='lat' dir='ltr'>ut</span> <span class='ocrx_word' id='word_1_65' title='bbox 383 1287 541 1375; x_wconf 89' lang='lat' dir='ltr'>voluptas</span> <span class='ocrx_word' id='word_1_66' title='bbox 562 1310 639 1353; x_wconf 92' lang='lat' dir='ltr'>cum</span> <span class='ocrx_word' id='word_1_67' title='bbox 661 1310 701 1353; x_wconf 92' lang='lat' dir='ltr'>eo</span> <span class='ocrx_word' id='word_1_68' title='bbox 724 1287 812 1375; x_wconf 90' lang='lat' dir='ltr'>quod</span> <span class='ocrx_word' id='word_1_69' title='bbox 832 1287 959 1354; x_wconf 92' lang='lat' dir='ltr'>bonum</span> <span class='ocrx_word' id='word_1_70' title='bbox 978 1312 1053 1355; x_wconf 90' lang='lat' dir='ltr'>esse</span> <span class='ocrx_word' id='word_1_71' title='bbox 1065 1289 1241 1379; x_wconf 90' lang='lat' dir='ltr'>judicetur</span> 
     </span>
     <span class='ocr_line' id='line_1_10' title="bbox 160 1409 1238 1499; baseline 0.005 -23"><span class='ocrx_word' id='word_1_72' title='bbox 160 1412 346 1499; x_wconf 82' lang='lat' dir='ltr'>cunjuncta</span> <span class='ocrx_word' id='word_1_73' title='bbox 370 1409 425 1489; x_wconf 85' lang='lat' dir='ltr'>sil,</span> <span class='ocrx_word' id='word_1_74' title='bbox 447 1409 541 1498; x_wconf 81' lang='lat' dir='ltr'>leges</span> <span class='ocrx_word' id='word_1_75' title='bbox 567 1434 625 1477; x_wconf 91' lang='lat' dir='ltr'>seu</span> <span class='ocrx_word' id='word_1_76' title='bbox 647 1433 831 1499; x_wconf 88' lang='lat' dir='ltr'>puerorum</span> <span class='ocrx_word' id='word_1_77' title='bbox 853 1411 1021 1478; x_wconf 90' lang='lat' dir='ltr'>institutio</span> <span class='ocrx_word' id='word_1_78' title='bbox 1038 1423 1238 1495; x_wconf 82' lang='lat' dir='ltr'>versantur3</span> 
     </span>
     <span class='ocr_line' id='line_1_11' title="bbox 162 1533 1239 1624; baseline 0.005 -24"><span class='ocrx_word' id='word_1_79' title='bbox 162 1537 254 1623; x_wconf 89' lang='lat' dir='ltr'>atqui</span> <span class='ocrx_word' id='word_1_80' title='bbox 276 1544 369 1601; x_wconf 88' lang='lat' dir='ltr'>recta</span> <span class='ocrx_word' id='word_1_81' title='bbox 383 1543 415 1600; x_wconf 89' lang='lat' dir='ltr'>et</span> <span class='ocrx_word' id='word_1_82' title='bbox 436 1533 585 1600; x_wconf 88' lang='lat' dir='ltr'>liberalis</span> <span class='ocrx_word' id='word_1_83' title='bbox 606 1535 774 1601; x_wconf 88' lang='lat' dir='ltr'>institutio</span> <span class='ocrx_word' id='word_1_84' title='bbox 794 1557 862 1601; x_wconf 91' lang='lat' dir='ltr'>non</span> <span class='ocrx_word' id='word_1_85' title='bbox 880 1545 931 1600; x_wconf 90' lang='lat' dir='ltr'>cst</span> <span class='ocrx_word' id='word_1_86' title='bbox 946 1536 1012 1602; x_wconf 91' lang='lat' dir='ltr'>nisi</span> <span class='ocrx_word' id='word_1_87' title='bbox 1030 1560 1092 1624; x_wconf 93' lang='lat' dir='ltr'>per</span> <span class='ocrx_word' id='word_1_88' title='bbox 1105 1537 1239 1618; x_wconf 85' lang='lat' dir='ltr'>ludum,</span> 
     </span>
     <span class='ocr_line' id='line_1_12' title="bbox 162 1655 1308 1748; baseline 0.003 -24"><span class='ocrx_word' id='word_1_89' title='bbox 162 1667 199 1725; x_wconf 93' lang='lat' dir='ltr'>ut</span> <span class='ocrx_word' id='word_1_90' title='bbox 214 1658 241 1724; x_wconf 92' lang='lat' dir='ltr'>si</span> <span class='ocrx_word' id='word_1_91' title='bbox 264 1681 348 1747; x_wconf 90' lang='lat' dir='ltr'>puer</span> <span class='ocrx_word' id='word_1_92' title='bbox 362 1657 511 1724; x_wconf 93' lang='lat' dir='ltr'>ludendo</span> <span class='ocrx_word' id='word_1_93' title='bbox 528 1659 758 1746; x_wconf 81' lang='lat' dir='ltr'>praedisceret</span> <span class='ocrx_word' id='word_1_94' title='bbox 773 1681 851 1724; x_wconf 92' lang='lat' dir='ltr'>cum</span> <span class='ocrx_word' id='word_1_95' title='bbox 866 1660 981 1748; x_wconf 86' lang='lat' dir='ltr'>parvis</span> <span class='ocrx_word' id='word_1_96' title='bbox 1001 1660 1240 1728; x_wconf 84' lang='lat' dir='ltr'>instrumentis</span> <span class='ocrx_word' id='word_1_97' title='bbox 1305 1655 1308 1661; x_wconf 67' lang='grc'><strong>’</strong></span> 
     </span>
     <span class='ocr_line' id='line_1_13' title="bbox 163 1782 1242 1873; baseline 0.004 -24"><span class='ocrx_word' id='word_1_98' title='bbox 163 1805 203 1849; x_wconf 89' lang='lat' dir='ltr'>ea</span> <span class='ocrx_word' id='word_1_99' title='bbox 223 1805 344 1871; x_wconf 85' lang='lat' dir='ltr'>gerere</span> <span class='ocrx_word' id='word_1_100' title='bbox 365 1792 397 1848; x_wconf 88' lang='lat' dir='ltr'>et</span> <span class='ocrx_word' id='word_1_101' title='bbox 413 1805 528 1848; x_wconf 89' lang='lat' dir='ltr'>amare</span> <span class='ocrx_word' id='word_1_102' title='bbox 549 1782 716 1871; x_wconf 89' lang='lat' dir='ltr'>quaesibi</span> <span class='ocrx_word' id='word_1_103' title='bbox 734 1783 807 1849; x_wconf 87' lang='lat' dir='ltr'>viro</span> <span class='ocrx_word' id='word_1_104' title='bbox 828 1783 917 1849; x_wconf 87' lang='lat' dir='ltr'>lacto</span> <span class='ocrx_word' id='word_1_105' title='bbox 939 1785 1188 1873; x_wconf 77' lang='lat' dir='ltr'>perfectissime</span> <span class='ocrx_word' id='word_1_106' title='bbox 1209 1797 1242 1853; x_wconf 91' lang='lat' dir='ltr'>et</span> 
     </span>
     <span class='ocr_line' id='line_1_14' title="bbox 164 1908 1237 1997; baseline 0.005 -23"><span class='ocrx_word' id='word_1_107' title='bbox 164 1909 254 1974; x_wconf 90' lang='lat' dir='ltr'>serio</span> <span class='ocrx_word' id='word_1_108' title='bbox 287 1908 437 1996; x_wconf 85' lang='lat' dir='ltr'>gerenda</span> <span class='ocrx_word' id='word_1_109' title='bbox 469 1918 568 1974; x_wconf 90' lang='lat' dir='ltr'>erunt</span> <span class='ocrx_word' id='word_1_110' title='bbox 602 1909 636 1973; x_wconf 95' lang='lat' dir='ltr'>in</span> <span class='ocrx_word' id='word_1_111' title='bbox 672 1909 794 1997; x_wconf 89' lang='lat' dir='ltr'>quovis</span> <span class='ocrx_word' id='word_1_112' title='bbox 829 1912 1003 1977; x_wconf 74' lang='lat' dir='ltr'>munere3.</span> <span class='ocrx_word' id='word_1_113' title='bbox 1038 1911 1087 1977; x_wconf 86' lang='lat' dir='ltr'>Ad</span> <span class='ocrx_word' id='word_1_114' title='bbox 1119 1912 1237 1979; x_wconf 91' lang='lat' dir='ltr'>ludum</span> 
     </span>
     <span class='ocr_line' id='line_1_15' title="bbox 165 2021 1241 2127; baseline 0.003 -24"><span class='ocrx_word' id='word_1_115' title='bbox 165 2035 300 2122; x_wconf 78' lang='grc' dir='ltr'>(παιδιὰν)</span> <span class='ocrx_word' id='word_1_116' title='bbox 328 2034 431 2122; x_wconf 85' lang='lat' dir='ltr'>igitur</span> <span class='ocrx_word' id='word_1_117' title='bbox 458 2043 490 2099; x_wconf 88' lang='lat' dir='ltr'>et</span> <span class='ocrx_word' id='word_1_118' title='bbox 519 2033 621 2101; x_wconf 92' lang='lat' dir='ltr'>simul</span> <span class='ocrx_word' id='word_1_119' title='bbox 649 2034 689 2099; x_wconf 89' lang='lat' dir='ltr'>ad</span> <span class='ocrx_word' id='word_1_120' title='bbox 717 2021 954 2101; x_wconf 83' lang='lat' dir='ltr'>educationem</span> <span class='ocrx_word' id='word_1_121' title='bbox 984 2040 1145 2124; x_wconf 80' lang='grc' dir='ltr'>(παιδείαν)</span> <span class='ocrx_word' id='word_1_122' title='bbox 1176 2062 1241 2127; x_wconf 91' lang='lat' dir='ltr'>qua</span> 
     </span>
     <span class='ocr_line' id='line_1_16' title="bbox 164 2159 1239 2251; baseline 0.004 -26"><span class='ocrx_word' id='word_1_123' title='bbox 164 2169 243 2226; x_wconf 88' lang='lat' dir='ltr'>ante</span> <span class='ocrx_word' id='word_1_124' title='bbox 268 2159 384 2225; x_wconf 91' lang='lat' dir='ltr'>omnia</span> <span class='ocrx_word' id='word_1_125' title='bbox 404 2182 472 2226; x_wconf 89' lang='lat' dir='ltr'>nen</span> <span class='ocrx_word' id='word_1_126' title='bbox 498 2160 611 2225; x_wconf 89' lang='lat' dir='ltr'>minus</span> <span class='ocrx_word' id='word_1_127' title='bbox 636 2183 678 2225; x_wconf 87' lang='lat' dir='ltr'>ex</span> <span class='ocrx_word' id='word_1_128' title='bbox 698 2159 847 2248; x_wconf 85' lang='lat' dir='ltr'>Legibus</span> <span class='ocrx_word' id='word_1_129' title='bbox 870 2184 971 2250; x_wconf 87' lang='lat' dir='ltr'>quum</span> <span class='ocrx_word' id='word_1_130' title='bbox 999 2185 1017 2227; x_wconf 90' lang='lat' dir='ltr'>e</span> <span class='ocrx_word' id='word_1_131' title='bbox 1038 2162 1239 2251; x_wconf 79' lang='lat' dir='ltr'>Republica,</span> 
     </span>
     <span class='ocr_line' id='line_1_17' title="bbox 164 2287 1240 2366; baseline 0.002 -13"><span class='ocrx_word' id='word_1_132' title='bbox 164 2310 277 2354; x_wconf 90' lang='lat' dir='ltr'>mores</span> <span class='ocrx_word' id='word_1_133' title='bbox 298 2298 331 2353; x_wconf 90' lang='lat' dir='ltr'>et</span> <span class='ocrx_word' id='word_1_134' title='bbox 345 2287 465 2354; x_wconf 85' lang='lat' dir='ltr'>civitas</span> <span class='ocrx_word' id='word_1_135' title='bbox 482 2297 586 2366; x_wconf 85' lang='lat' dir='ltr'>stant,</span> <span class='ocrx_word' id='word_1_136' title='bbox 609 2287 775 2352; x_wconf 87' lang='lat' dir='ltr'>musicam</span> <span class='ocrx_word' id='word_1_137' title='bbox 797 2297 829 2353; x_wconf 87' lang='lat' dir='ltr'>et</span> <span class='ocrx_word' id='word_1_138' title='bbox 844 2287 1003 2354; x_wconf 86' lang='lat' dir='ltr'>choream</span> <span class='ocrx_word' id='word_1_139' title='bbox 1023 2287 1120 2355; x_wconf 85' lang='lat' dir='ltr'>Plato</span> <span class='ocrx_word' id='word_1_140' title='bbox 1140 2289 1240 2356; x_wconf 91' lang='lat' dir='ltr'>redu-</span> 
     </span>
     <span class='ocr_line' id='line_1_18' title="bbox 163 2410 1242 2500; baseline 0.002 -23"><span class='ocrx_word' id='word_1_141' title='bbox 163 2412 225 2492; x_wconf 84' lang='lat' dir='ltr'>cit3</span> <span class='ocrx_word' id='word_1_142' title='bbox 248 2435 315 2500; x_wconf 91' lang='lat' dir='ltr'>quo</span> <span class='ocrx_word' id='word_1_143' title='bbox 336 2411 414 2478; x_wconf 93' lang='lat' dir='ltr'>ludo</span> <span class='ocrx_word' id='word_1_144' title='bbox 437 2413 469 2477; x_wconf 93' lang='lat' dir='ltr'>in</span> <span class='ocrx_word' id='word_1_145' title='bbox 492 2411 611 2478; x_wconf 91' lang='lat' dir='ltr'>diebus</span> <span class='ocrx_word' id='word_1_146' title='bbox 631 2411 695 2476; x_wconf 87' lang='lat' dir='ltr'>diis</span> <span class='ocrx_word' id='word_1_147' title='bbox 716 2410 811 2476; x_wconf 87' lang='lat' dir='ltr'>lestis</span> <span class='ocrx_word' id='word_1_148' title='bbox 828 2411 940 2478; x_wconf 86' lang='lat' dir='ltr'>locum</span> <span class='ocrx_word' id='word_1_149' title='bbox 962 2411 1110 2478; x_wconf 89' lang='lat' dir='ltr'>habente</span> <span class='ocrx_word' id='word_1_150' title='bbox 1127 2413 1242 2480; x_wconf 85' lang='lat' dir='ltr'>bomi-</span> 
     </span>
     <span class='ocr_line' id='line_1_19' title="bbox 164 2535 1240 2626; baseline 0.002 -24"><span class='ocrx_word' id='word_1_151' title='bbox 164 2537 264 2603; x_wconf 91' lang='lat' dir='ltr'>nibus</span> <span class='ocrx_word' id='word_1_152' title='bbox 277 2536 530 2624; x_wconf 83' lang='lat' dir='ltr'>redintegratur</span> <span class='ocrx_word' id='word_1_153' title='bbox 543 2546 635 2602; x_wconf 85' lang='lat' dir='ltr'>recta</span> <span class='ocrx_word' id='word_1_154' title='bbox 651 2535 835 2624; x_wconf 88' lang='lat' dir='ltr'>voluptatis</span> <span class='ocrx_word' id='word_1_155' title='bbox 850 2546 882 2602; x_wconf 94' lang='lat' dir='ltr'>et</span> <span class='ocrx_word' id='word_1_156' title='bbox 898 2536 1050 2602; x_wconf 72' lang='lat' dir='ltr'>doloris*</span> <span class='ocrx_word' id='word_1_157' title='bbox 1070 2538 1158 2604; x_wconf 85' lang='lat' dir='ltr'>ratio</span> <span class='ocrx_word' id='word_1_158' title='bbox 1174 2561 1240 2626; x_wconf 87' lang='lat' dir='ltr'>qua</span> 
     </span>
     <span class='ocr_line' id='line_1_20' title="bbox 164 2659 1240 2752; baseline -0.001 -24"><span class='ocrx_word' id='word_1_159' title='bbox 164 2661 259 2752; x_wconf 89' lang='lat' dir='ltr'>pueri</span> <span class='ocrx_word' id='word_1_160' title='bbox 275 2661 394 2727; x_wconf 88' lang='lat' dir='ltr'>imbuti</span> <span class='ocrx_word' id='word_1_161' title='bbox 409 2672 501 2740; x_wconf 81' lang='lat' dir='ltr'>sunt,</span> <span class='ocrx_word' id='word_1_162' title='bbox 516 2661 609 2752; x_wconf 83' lang='lat' dir='ltr'>itaut</span> <span class='ocrx_word' id='word_1_163' title='bbox 623 2683 690 2726; x_wconf 92' lang='lat' dir='ltr'>nou</span> <span class='ocrx_word' id='word_1_164' title='bbox 708 2659 799 2725; x_wconf 83' lang='lat' dir='ltr'>aliud</span> <span class='ocrx_word' id='word_1_165' title='bbox 816 2669 942 2738; x_wconf 85' lang='lat' dir='ltr'>ament,</span> <span class='ocrx_word' id='word_1_166' title='bbox 962 2659 1054 2726; x_wconf 89' lang='lat' dir='ltr'>aliud</span> <span class='ocrx_word' id='word_1_167' title='bbox 1067 2660 1206 2727; x_wconf 83' lang='lat' dir='ltr'>laudent</span> <span class='ocrx_word' id='word_1_168' title='bbox 1217 2663 1240 2726; x_wconf 68' lang='lat'>⁵.</span> 
     </span>
     <span class='ocr_line' id='line_1_21' title="bbox 166 2783 1243 2875; baseline -0.003 -21"><span class='ocrx_word' id='word_1_169' title='bbox 166 2789 296 2854; x_wconf 85' lang='lat' dir='ltr'>Natura</span> <span class='ocrx_word' id='word_1_170' title='bbox 317 2786 438 2853; x_wconf 91' lang='lat' dir='ltr'>ludunt</span> <span class='ocrx_word' id='word_1_171' title='bbox 454 2795 566 2852; x_wconf 88' lang='lat' dir='ltr'>cetera</span> <span class='ocrx_word' id='word_1_172' title='bbox 583 2784 757 2862; x_wconf 87' lang='lat' dir='ltr'>animalia,</span> <span class='ocrx_word' id='word_1_173' title='bbox 776 2783 883 2863; x_wconf 88' lang='lat' dir='ltr'>idest,</span> <span class='ocrx_word' id='word_1_174' title='bbox 901 2785 1081 2873; x_wconf 84' lang='lat' dir='ltr'>praecipue</span> <span class='ocrx_word' id='word_1_175' title='bbox 1098 2785 1132 2851; x_wconf 93' lang='lat' dir='ltr'>in</span> <span class='ocrx_word' id='word_1_176' title='bbox 1145 2788 1243 2875; x_wconf 86' lang='lat' dir='ltr'>juve-</span> 
     </span>
     <span class='ocr_line' id='line_1_22' title="bbox 165 2909 1281 3011; baseline -0.004 -31"><span class='ocrx_word' id='word_1_177' title='bbox 165 2913 224 2980; x_wconf 94' lang='lat' dir='ltr'>nili</span> <span class='ocrx_word' id='word_1_178' title='bbox 242 2922 351 2979; x_wconf 89' lang='lat' dir='ltr'>aetate</span> <span class='ocrx_word' id='word_1_179' title='bbox 368 2935 436 2979; x_wconf 91' lang='lat' dir='ltr'>non</span> <span class='ocrx_word' id='word_1_180' title='bbox 458 2913 634 3000; x_wconf 85' lang='lat' dir='ltr'>quiescere</span> <span class='ocrx_word' id='word_1_181' title='bbox 657 2919 799 2999; x_wconf 89' lang='lat' dir='ltr'>possunt</span> <span class='ocrx_word' id='word_1_182' title='bbox 815 2909 872 2976; x_wconf 92' lang='lat' dir='ltr'>sed</span> <span class='ocrx_word' id='word_1_183' title='bbox 889 2909 1042 2976; x_wconf 88' lang='lat' dir='ltr'>saliendo</span> <span class='ocrx_word' id='word_1_184' title='bbox 1065 2920 1097 2975; x_wconf 89' lang='lat' dir='ltr'>et</span> <span class='ocrx_word' id='word_1_185' title='bbox 1117 2911 1242 2977; x_wconf 87' lang='lat' dir='ltr'>vocile-</span> <span class='ocrx_word' id='word_1_186' title='bbox 1280 3005 1281 3011; x_wconf 7' lang='grc' dir='ltr'>ἵ</span> 
     </span>
     <span class='ocr_line' id='line_1_23' title="bbox 165 3034 1241 3125; baseline -0.004 -21"><span class='ocrx_word' id='word_1_187' title='bbox 165 3037 272 3104; x_wconf 89' lang='lat' dir='ltr'>rande</span> <span class='ocrx_word' id='word_1_188' title='bbox 296 3036 457 3125; x_wconf 72' lang='lat' dir='ltr'>gaudium</span> <span class='ocrx_word' id='word_1_189' title='bbox 477 3046 509 3103; x_wconf 90' lang='lat' dir='ltr'>et</span> <span class='ocrx_word' id='word_1_190' title='bbox 534 3037 624 3103; x_wconf 87' lang='lat' dir='ltr'>vires</span> <span class='ocrx_word' id='word_1_191' title='bbox 641 3034 838 3113; x_wconf 80' lang='lat' dir='ltr'>ell&#39;undunt3</span> <span class='ocrx_word' id='word_1_192' title='bbox 861 3034 963 3101; x_wconf 90' lang='lat' dir='ltr'>homo</span> <span class='ocrx_word' id='word_1_193' title='bbox 988 3044 1100 3100; x_wconf 88' lang='lat' dir='ltr'>autem</span> <span class='ocrx_word' id='word_1_194' title='bbox 1125 3035 1241 3103; x_wconf 94' lang='lat' dir='ltr'>ludum</span> 
     </span>
     <span class='ocr_line' id='line_1_24' title="bbox 167 3156 1241 3251; baseline -0.005 -22"><span class='ocrx_word' id='word_1_195' title='bbox 167 3173 198 3229; x_wconf 90' lang='lat' dir='ltr'>et</span> <span class='ocrx_word' id='word_1_196' title='bbox 212 3162 375 3251; x_wconf 85' lang='lat' dir='ltr'>gaudium</span> <span class='ocrx_word' id='word_1_197' title='bbox 392 3185 537 3229; x_wconf 91' lang='lat' dir='ltr'>numero</span> <span class='ocrx_word' id='word_1_198' title='bbox 558 3172 590 3227; x_wconf 93' lang='lat' dir='ltr'>et</span> <span class='ocrx_word' id='word_1_199' title='bbox 605 3160 724 3226; x_wconf 91' lang='lat' dir='ltr'>ordine</span> <span class='ocrx_word' id='word_1_200' title='bbox 736 3160 918 3225; x_wconf 90' lang='lat' dir='ltr'>concinnat</span> <span class='ocrx_word' id='word_1_201' title='bbox 932 3170 964 3225; x_wconf 86' lang='lat' dir='ltr'>et</span> <span class='ocrx_word' id='word_1_202' title='bbox 978 3160 1011 3224; x_wconf 94' lang='lat' dir='ltr'>in</span> <span class='ocrx_word' id='word_1_203' title='bbox 1025 3156 1241 3248; x_wconf 88' lang='lat' dir='ltr'>disciplinam</span> 
     </span>
     <span class='ocr_line' id='line_1_25' title="bbox 168 3284 1043 3378; baseline -0.008 -23"><span class='ocrx_word' id='word_1_204' title='bbox 168 3288 349 3378; x_wconf 88' lang='lat' dir='ltr'>quamdam</span> <span class='ocrx_word' id='word_1_205' title='bbox 372 3288 484 3353; x_wconf 90' lang='lat' dir='ltr'>vertit.</span> <span class='ocrx_word' id='word_1_206' title='bbox 504 3286 586 3353; x_wconf 90' lang='lat' dir='ltr'>Inde</span> <span class='ocrx_word' id='word_1_207' title='bbox 604 3286 734 3352; x_wconf 91' lang='lat' dir='ltr'>musica</span> <span class='ocrx_word' id='word_1_208' title='bbox 754 3293 787 3350; x_wconf 93' lang='lat' dir='ltr'>et</span> <span class='ocrx_word' id='word_1_209' title='bbox 807 3284 964 3352; x_wconf 80' lang='lat' dir='ltr'>choreae.</span> <span class='ocrx_word' id='word_1_210' title='bbox 1041 3354 1043 3358; x_wconf 52' lang='grc'>,</span> 
     </span>
    </p>
   </div>
   <div class='ocr_carea' id='block_1_4' title="bbox 212 3506 1245 3596">
    <p class='ocr_par' dir='ltr' id='par_1_4' title="bbox 212 3506 1245 3596">
     <span class='ocr_line' id='line_1_26' title="bbox 212 3506 1245 3596; baseline -0.005 -18"><span class='ocrx_word' id='word_1_211' title='bbox 212 3516 244 3578; x_wconf 84' lang='grc' dir='ltr'>Ι.</span> <span class='ocrx_word' id='word_1_212' title='bbox 278 3553 316 3560; x_wconf 98' lang='grc'><strong>-</strong></span> <span class='ocrx_word' id='word_1_213' title='bbox 342 3512 448 3578; x_wconf 92' lang='lat' dir='ltr'>Porro</span> <span class='ocrx_word' id='word_1_214' title='bbox 471 3533 538 3576; x_wconf 90' lang='lat' dir='ltr'>non</span> <span class='ocrx_word' id='word_1_215' title='bbox 562 3532 604 3575; x_wconf 87' lang='lat' dir='ltr'>ex</span> <span class='ocrx_word' id='word_1_216' title='bbox 629 3507 802 3596; x_wconf 86' lang='lat' dir='ltr'>voluptate</span> <span class='ocrx_word' id='word_1_217' title='bbox 836 3516 966 3572; x_wconf 83' lang='lat' dir='ltr'>tautum</span> <span class='ocrx_word' id='word_1_218' title='bbox 991 3506 1133 3595; x_wconf 90' lang='lat' dir='ltr'>pulchra</span> <span class='ocrx_word' id='word_1_219' title='bbox 1158 3507 1245 3573; x_wconf 86' lang='lat' dir='ltr'>erit6</span> 
     </span>
    </p>
   </div>
   <div class='ocr_carea' id='block_1_5' title="bbox 199 3752 457 4309">
    <p class='ocr_par' dir='ltr' id='par_1_5' title="bbox 199 3752 457 4309">
     <span class='ocr_line' id='line_1_27' title="bbox 199 3752 457 3815; baseline -0.012 -15"><span class='ocrx_word' id='word_1_220' title='bbox 199 3753 208 3786; x_wconf 84' lang='lat'><strong>¹</strong></span> <span class='ocrx_word' id='word_1_221' title='bbox 227 3753 303 3815; x_wconf 83' lang='lat' dir='ltr'>Leg.‚</span> <span class='ocrx_word' id='word_1_222' title='bbox 319 3752 365 3813; x_wconf 81' lang='lat' dir='ltr'>lv,</span> <span class='ocrx_word' id='word_1_223' title='bbox 377 3755 422 3799; x_wconf 77' lang='lat'>709</span> <span class='ocrx_word' id='word_1_224' title='bbox 432 3763 457 3798; x_wconf 85' lang='lat' dir='ltr'>a.</span> 
     </span>
     <span class='ocr_line' id='line_1_28' title="bbox 199 3850 402 3914; baseline -0.01 -13"><span class='ocrx_word' id='word_1_225' title='bbox 199 3854 210 3887; x_wconf 63' lang='grc' dir='ltr'><strong>Ι</strong></span> <span class='ocrx_word' id='word_1_226' title='bbox 228 3853 305 3914; x_wconf 83' lang='lat' dir='ltr'>Leg.,</span> <span class='ocrx_word' id='word_1_227' title='bbox 319 3855 364 3900; x_wconf 90' lang='grc'>636</span> <span class='ocrx_word' id='word_1_228' title='bbox 376 3850 402 3899; x_wconf 95' lang='lat' dir='ltr'>d.</span> 
     </span>
     <span class='ocr_line' id='line_1_29' title="bbox 199 3951 402 4012; baseline -0.015 -13"><span class='ocrx_word' id='word_1_229' title='bbox 199 3951 210 3984; x_wconf 88' lang='lat'>³</span> <span class='ocrx_word' id='word_1_230' title='bbox 227 3951 302 4012; x_wconf 59' lang='lat' dir='ltr'>Lag„</span> <span class='ocrx_word' id='word_1_231' title='bbox 321 3953 366 3997; x_wconf 73' lang='lat'>643</span> <span class='ocrx_word' id='word_1_232' title='bbox 380 3962 402 3997; x_wconf 90' lang='lat' dir='ltr'>e.</span> 
     </span>
     <span class='ocr_line' id='line_1_30' title="bbox 200 4047 444 4110; baseline 0 -14"><span class='ocrx_word' id='word_1_233' title='bbox 200 4048 210 4082; x_wconf 80' lang='lat'><strong>⁴</strong></span> <span class='ocrx_word' id='word_1_234' title='bbox 228 4048 304 4110; x_wconf 66' lang='lat' dir='ltr'>Leg„</span> <span class='ocrx_word' id='word_1_235' title='bbox 316 4047 348 4105; x_wconf 83' lang='lat'>11,</span> <span class='ocrx_word' id='word_1_236' title='bbox 360 4052 405 4095; x_wconf 70' lang='grc'>655</span> <span class='ocrx_word' id='word_1_237' title='bbox 421 4060 444 4095; x_wconf 90' lang='lat' dir='ltr'>c.</span> 
     </span>
     <span class='ocr_line' id='line_1_31' title="bbox 200 4146 453 4208; baseline -0.016 -13"><span class='ocrx_word' id='word_1_238' title='bbox 200 4148 211 4181; x_wconf 86' lang='lat'>⁵</span> <span class='ocrx_word' id='word_1_239' title='bbox 229 4147 303 4208; x_wconf 83' lang='lat' dir='ltr'>Leg.‚</span> <span class='ocrx_word' id='word_1_240' title='bbox 324 4146 359 4205; x_wconf 88' lang='grc' dir='ltr'>ΙΙ,</span> <span class='ocrx_word' id='word_1_241' title='bbox 373 4149 418 4193; x_wconf 90' lang='grc'>655</span> <span class='ocrx_word' id='word_1_242' title='bbox 430 4157 453 4192; x_wconf 90' lang='lat' dir='ltr'>e.</span> 
     </span>
     <span class='ocr_line' id='line_1_32' title="bbox 199 4241 451 4309; baseline -0.016 -15"><span class='ocrx_word' id='word_1_243' title='bbox 199 4247 211 4280; x_wconf 75' lang='lat'>⁶</span> <span class='ocrx_word' id='word_1_244' title='bbox 228 4245 304 4309; x_wconf 63' lang='lat' dir='ltr'>Lag„</span> <span class='ocrx_word' id='word_1_245' title='bbox 318 4244 351 4306; x_wconf 88' lang='lat'>11,</span> <span class='ocrx_word' id='word_1_246' title='bbox 368 4246 413 4293; x_wconf 89' lang='grc'>667</span> <span class='ocrx_word' id='word_1_247' title='bbox 425 4241 451 4292; x_wconf 89' lang='lat' dir='ltr'>d.</span> 
     </span>
    </p>
   </div>
   <div class='ocr_carea' id='block_1_6' title="bbox 0 0 1417 4814">
    <p class='ocr_par' dir='ltr' id='par_1_6' title="bbox 0 0 1417 4814">
     <span class='ocr_line' id='line_1_33' title="bbox 0 0 1417 4814; baseline 0 0"><span class='ocrx_word' id='word_1_248' title='bbox 0 0 1417 4814; x_wconf 95' lang='lat' dir='ltr'> </span> 
     </span>
    </p>
   </div>
  </div>
 </body>
</html>
