2804 4814
609 329 786 396 -89..

158 483 521 573 recte-permovendos
541 483 674 550 animos
695 484 809 552 valere
834 492 961 573 quanto
982 482 1082 549 altius
1103 480 1236 548 radices

160 609 195 674 in
219 606 427 696 profundum
453 608 600 674 anteacti
621 609 784 697 temporis
810 608 930 697 egerit.
951 607 1060 674 Omne
1086 606 1236 672 musicae

161 754 270 820 genus
292 732 398 797 multo
420 735 550 821 majore
576 742 670 820 parte
696 733 748 799 sui
766 733 854 799 idem
872 741 938 798 stat
955 753 1056 820 quam
1079 729 1237 796 immuta-

162 868 228 924 tur.
250 859 322 923 lino
340 880 445 945 quum
462 866 577 923 tamen
593 857 630 923 lit
650 881 709 946 per
726 880 848 924 aevum
866 867 903 924 ut
920 856 1047 925 sensim
1069 869 1101 921 et
1123 855 1238 921 invitis

162 984 265 1049 ctiam
285 982 394 1072 poetis
410 983 624 1060 immutetur,
643 983 683 1048 ad
701 1006 820 1071 puram
847 993 880 1049 et
899 982 1049 1072 priorem
1069 981 1237 1047 rationem

162 1107 287 1172 reverti
303 1107 398 1172 nulla
415 1107 669 1173 intermissione
689 1108 821 1196 quaerit
837 1129 899 1172 nec
915 1106 1083 1172 rationem
1095 1104 1238 1171 consilio

162 1230 1237 1321 vertitnisiredintegrandosc‚nedumimperitorumobsequio,

163 1357 307 1445 originis
328 1367 362 1422 et
390 1357 489 1445 primi
520 1367 628 1422 status
655 1367 687 1423 et
707 1379 848 1423 normae
877 1366 909 1422 et
930 1355 1050 1422 finium
1066 1365 1239 1444 postremo

72 1473 76 1478 ’
164 1480 307 1547 oblitum
340 1482 408 1548 hat.
444 1483 552 1548 Exeo
583 1482 696 1570 colligi
723 1505 824 1571 porro
851 1490 960 1570 potest
977 1480 1154 1547 Platonem
1176 1480 1240 1545 hoc

164 1606 287 1696 placito
305 1606 395 1695 quod
415 1630 506 1673 nunc
526 1607 726 1696 dispicimus
752 1608 785 1673 in
810 1607 884 1673 luce
905 1606 1128 1672 collocavisse
1144 1615 1240 1671 natu-

165 1754 238 1796 ram
256 1731 346 1797 illius
360 1731 409 1799 rei
423 1754 510 1819 quae
519 1731 685 1820 judicium
701 1731 886 1820 peritorum
900 1740 1054 1809 vocetur,
1065 1731 1240 1820 impensae

167 1982 208 2048 tis
234 1979 412 2058 institutis,
435 1989 468 2044 et
488 1979 683 2066 cognitione
709 2001 809 2043 verae
828 1988 970 2044 naturae
992 1979 1143 2044 musicae
1163 2001 1240 2044 nec-

169 2128 238 2172 non
259 2104 416 2194 politicae
429 2126 467 2169 ac
483 2103 614 2170 ethicae
628 2102 766 2168 innixae
780 2107 802 2166 ¹.

214 2413 265 2479 lc.
288 2448 331 2458 —-
346 2411 384 2475 ln
406 2431 541 2474 summa
566 2410 681 2474 omnia
704 2410 775 2474 fore
800 2409 954 2475 instituta
976 2408 1239 2475 aestheticorum

169 2535 307 2600 inventa
342 2543 374 2599 et
407 2534 584 2599 enuntiata
611 2533 718 2599 luisse
738 2555 758 2600 a
778 2534 917 2599 Platone
945 2534 1175 2622 comperimus
1210 2543 1243 2598 et

168 2680 328 2746 magnam
360 2666 489 2746 partem
522 2657 756 2747 philosophiae
785 2661 859 2746 ejus
889 2657 942 2722 his
971 2667 1142 2735 constare,
1175 2658 1242 2723 imo

168 2782 220 2848 his
242 2781 353 2848 inniti.
377 2781 503 2847 Eadem
526 2782 677 2848 musicae
696 2805 734 2847 ac
757 2782 957 2870 disciplinae
978 2792 1009 2847 et
1031 2782 1243 2847 educationis

167 2907 315 2974 conditio
347 2917 410 2974 est.
441 2906 614 2973 Amhahus
643 2908 676 2973 iu
703 2908 839 2974 civitate
870 2917 981 2997 partes
1010 2917 1043 2973 et
1071 2907 1181 2972 locum
1211 2917 1244 2973 et

168 3031 334 3099 existendi
362 3055 500 3098 causam
521 3031 653 3111 tribuit,
675 3033 745 3097 lere
766 3032 953 3121 principem
982 3054 1064 3097 sane
1077 3057 1085 3112 3
1110 3054 1242 3098 necnon

168 3157 271 3223 simul
286 3166 468 3245 utramque
489 3156 530 3222 ad
551 3180 667 3222 veram
687 3166 845 3222 naturam
868 3167 1018 3223 revocat.
1032 3161 1131 3223 Artes
1152 3156 1241 3222 enim

168 3292 202 3346 et
221 3280 421 3368 disciplinae
446 3280 479 3346 in
502 3281 674 3370 politicam
707 3291 815 3347 artem
844 3305 880 3347 se
902 3279 1083 3347 conferunt
1108 3290 1140 3347 ct
1160 3280 1242 3370 poli-

167 3404 235 3471 tica
262 3405 335 3493 ipsa
361 3404 538 3471 Platonica
567 3414 637 3471 tota
668 3428 704 3471 se
734 3406 832 3471 vertit
863 3406 896 3470 in
927 3404 1110 3494 quamdam
1137 3404 1243 3472 disci-

168 3529 296 3618 plinam
324 3529 476 3596 liberalis
500 3528 571 3595 ludi
597 3531 743 3618 speciem
765 3529 962 3609 habentem,
988 3531 1041 3596 vel
1067 3531 1100 3596 in
1125 3530 1243 3598 ludum

199 3846 264 3898 ¹Ul
282 3861 299 3896 a
322 3847 437 3896 Platone
452 3849 604 3896 novitatum
623 3850 756 3909 amantes,
783 3850 821 3899 ita
840 3863 872 3898 ac
894 3849 950 3898 lere
970 3849 1105 3898 consimili
1129 3852 1243 3907 ratione,

168 3947 258 3995 aetate
275 3947 370 3996 nostra
386 3944 537 4009 aliquando
557 3960 573 3994 a
592 3948 687 4009 peritis
702 3947 744 3995 vel
763 3961 779 3995 a
800 3950 909 3997 virtutis
933 3949 1071 4011 magistris
1096 3950 1244 4011 scriptores

167 4044 326 4106 carpuntur,
341 4044 371 4091 ut
386 4044 432 4106 qui
448 4044 554 4092 tantum
568 4057 658 4092 mores
674 4045 701 4093 et
714 4058 846 4107 personas
860 4059 877 4093 a
890 4045 1089 4095 consuetudine
1102 4050 1129 4096 et
1144 4048 1203 4110 lege
1219 4048 1245 4096 et

168 4156 232 4192 vera
253 4145 354 4192 natura
373 4141 560 4191 discurrentes
580 4142 729 4205 depingant
749 4157 803 4192 non
821 4145 879 4193 sine
895 4144 1017 4206 periculo
1039 4147 1198 4194 mutationis
1218 4148 1244 4193 in

170 4242 247 4303 pejus
262 4252 368 4289 morum
384 4237 647 4302 disciplinarumque
664 4241 823 4303 vigentium.

1136 4342 1166 4387 6*
