2804 4814
611 278 786 344 ,85-

160 430 262 498 tineri
288 428 369 495 urbs
389 431 526 519 poterit,
549 454 610 498 noc
636 455 704 498 una
733 453 884 508 manere,
911 431 937 495 si
960 439 1096 520 praeter
1120 454 1237 498 ncces-

161 553 254 621 saria
273 575 382 643 pauca
404 553 516 621 olhoia
539 564 571 620 et
594 565 697 629 artes.
719 577 852 622 summa
877 555 1003 622 civium
1028 556 1062 622 in
1088 555 1237 645 plurium

161 679 385 746 artificiorum
405 679 670 748 redundantium
692 704 795 772 opera
815 680 1034 769 dispertietur
1054 691 1086 748 et
1109 681 1244 772 disper-v

162 815 275 894 getur.

205 930 308 1019 Atqui
329 930 485 1008 forsitan,
502 952 569 996 non
596 938 728 998 tautum
754 940 911 1019 respectu
927 952 1043 1000 rerum
1064 931 1184 998 aetatis
1204 931 1239 996 in

162 1078 230 1144 qua
256 1055 354 1120 Plato
373 1054 471 1132 vixit,
496 1052 704 1142 reipublicae
731 1053 863 1142 species
893 1055 976 1120 haec
1000 1063 1094 1121 recta
1121 1053 1239 1120 haberi

162 1179 279 1260 debet,
297 1180 343 1246 ita
364 1188 399 1244 ut
415 1178 543 1266 aliquid
563 1201 606 1244 cx
621 1201 662 1244 ea
683 1178 738 1245 vel
754 1188 872 1245 nostra
890 1188 984 1245 aetas
1003 1177 1140 1245 haurire
1156 1200 1240 1268 pos-

163 1305 223 1392 sit3
246 1293 358 1394 quum
374 1304 509 1392 quidem
533 1313 689 1370 recentes
708 1302 922 1392 respublicae
948 1327 1049 1393 saepe
1074 1304 1241 1391 languore

163 1440 396 1497 extremorum
418 1439 552 1494 artuum
574 1429 658 1515 (toto
673 1428 792 1518 spiritu
810 1438 841 1494 et
858 1428 1026 1516 sauguine
1041 1429 1076 1494 iu
1090 1428 1240 1495 medium

163 1553 344 1621 recedente
360 1564 392 1619 et
416 1552 657 1651 redundante),
678 1553 847 1632 laborent,
872 1563 905 1621 et
927 1576 1005 1619 cum
1027 1575 1089 1620 sua
1108 1553 1244 1620 ratione

164 1678 344 1746 commoda
364 1701 404 1745 ea
425 1701 512 1767 quae
532 1669 690 1745 enatura
710 1679 869 1767 antiquae
890 1679 1038 1745 civitatis
1055 1680 1123 1745 sint
1143 1701 1243 1746 com-

165 1826 293 1894 ponere
311 1803 476 1870 nonsatis
492 1803 695 1869 evaluerint.
713 1805 819 1869 Recta
836 1803 870 1869 in
888 1813 1065 1870 aeternum
1082 1803 1243 1893 reipubli-

165 1950 224 1994 cae
251 1927 337 1994 ratio
366 1927 400 1992 in
426 1926 562 1993 civitate
591 1937 718 2007 manet,
740 1927 878 1993 civitate
902 1937 1180 2016 repraesentatur
1207 1936 1244 1993 ut

166 2053 234 2118 vim
250 2062 283 2119 et
298 2052 403 2118 vitam
420 2052 574 2117 trahente
591 2074 609 2117 e
629 2074 800 2118 consensu
816 2052 995 2118 hominum
1008 2052 1050 2118 de
1067 2052 1242 2119 communi

167 2177 257 2246 bono
277 2177 431 2266 ipsorum
447 2175 729 2265 colloquentium,
747 2186 849 2264 atque
870 2177 916 2242 ita
937 2199 998 2266 pro
1018 2177 1095 2265 lege
1114 2185 1147 2243 et
1162 2199 1244 2271 rege

168 2303 327 2382 habente,
354 2302 452 2368 sicuti
479 2302 552 2390 ipsa
580 2300 840 2390 philosophandi
871 2302 957 2368 ratio
983 2302 1159 2368 Platonica
1188 2301 1244 2367 ad-

71 2445 73 2451 ’
167 2428 282 2495 stricte
307 2449 385 2493 eum
414 2426 557 2493 Politioa
584 2431 781 2515 conjuncta,
812 2449 1021 2506 sermonem,
1051 2429 1180 2515 λόγονὶ.
1201 2465 1244 2474 -

168 2553 253 2622 Cum
275 2552 400 2618 talibus
427 2551 468 2617 de
494 2551 630 2641 politica
653 2551 785 2639 placitis
811 2551 888 2618 vide
916 2561 951 2618 ut
971 2552 1180 2618 conveniant
1205 2574 1245 2617 ea

169 2701 255 2767 quae
276 2677 371 2743 Plato
391 2676 432 2742 de
449 2676 578 2743 artibus
595 2687 627 2742 et
643 2677 824 2765 praecipue
844 2675 884 2742 de
907 2676 1041 2765 scriptis
1062 2687 1096 2742 et
1110 2675 1245 2742 littera*

167 2813 245 2869 tura
264 2802 428 2880 senserit,
447 2801 488 2867 de
513 2802 717 2880 litteratura,
739 2801 827 2880 dico,
850 2812 887 2868 ut
907 2802 1019 2867 vivam
1044 2801 1245 2867 memoriam

170 2929 294 3005 mentis
315 2926 510 3005 hebetante,
528 2937 565 2992 ut
584 2927 618 2992 in
639 2926 753 2993 locum
770 2927 939 2993 sermonis
956 2926 1132 2992 hominum
1159 2926 1248 2992 iuter
1295 2908 1298 2911 Δ

169 3076 205 3120 se
232 3052 310 3118 viva
338 3074 421 3117 voce
446 3051 688 3116 disserentium
718 3050 901 3140 quamdam
929 3051 1118 3117 orationem
1150 3050 1247 3138 quasi

170 3186 340 3242 mortuam
373 3186 406 3241 et
440 3175 606 3241 inermem
639 3174 832 3241 inducente.
866 3173 1010 3241 Videtur
1044 3173 1139 3240 Plato
1177 3173 1245 3239 vim

170 3299 292 3388 agendi
310 3300 413 3365 animi
431 3322 467 3365 se
484 3299 591 3388 ipsam
606 3299 846 3378 sustinentem,
861 3322 897 3364 sc
913 3299 1022 3387 ipsam
1037 3308 1247 3388 pascentem,

170 3426 353 3512 integram,
377 3424 523 3489 solutam
541 3424 628 3488 velle
649 3424 736 3489 tueri
758 3433 790 3490 et
806 3446 925 3512 puram
943 3423 984 3489 ab
1000 3423 1159 3490 omuibus
1173 3423 1248 3490 istis

171 3548 387 3616 adminiculis
414 3571 455 3613 ex
476 3547 605 3613 artibus
633 3547 724 3614 vele
748 3546 955 3636 quibuslibet
978 3547 1098 3613 mediis
1121 3547 1248 3636 petitis,

171 3675 261 3740 intra
282 3696 370 3762 quae
391 3673 505 3762 potius
525 3673 752 3739 consenescit.
775 3672 885 3738 Etiam
910 3670 1018 3759 leges,
1043 3671 1249 3737 adminicula

203 4002 212 4035 ¹
230 4004 287 4052 Nec
298 4005 395 4050 mirum
411 4003 436 4050 in
454 4003 565 4051 civitate
580 4015 651 4065 quae
671 4015 796 4051 sermone
810 4003 890 4064 quasi
904 4000 1022 4049 conflata
1035 4001 1070 4048 sit
1088 3986 1115 4049 et
1129 4013 1177 4064 per
1193 4012 1250 4048 ser-

173 4113 267 4154 mones
281 4098 361 4163 quasi
374 4101 415 4148 sui
433 4098 625 4148 conscialaota
644 4099 734 4157 fuerit,
751 4100 774 4147 st
791 4099 939 4148 enumeris
952 4097 994 4148 vel
1008 4097 1181 4147 sermonibus
1197 4110 1251 4148 non

174 4198 296 4249 honestis
309 4197 459 4247 cavendum
474 4199 516 4247 sit.
