2804 4814
510 273 687 340 „37-

59 428 172 517 specie
189 393 374 508 felicitatis,
392 429 438 494 ita
457 428 636 517 pulchrum
654 429 708 495 hic
738 389 800 495 sub
822 430 933 517 specie
950 429 1133 517 voluptatis

59 553 305 641 aliquantisper
335 553 572 620 considoratur
601 555 802 641 quum-sint
832 553 996 642 quaedam
1014 555 1132 643 volup-

56 688 144 745 tates
155 677 288 766 pulchri
303 678 399 766 quasi
417 678 641 767 pedisequacl
656 680 797 763 (ὀπαδοί).
814 677 877 747 Sed
895 689 925 745 ct
943 678 1086 744 felicitas
1102 688 1135 744 cb

58 803 251 891 voluptates
272 825 416 891 quarum
435 802 538 869 veluti
556 826 676 869 norma
694 812 744 868 ost
765 803 949 890 aestlrctica
964 803 1133 892 voluptas,

57 927 160 992 etiam
183 950 248 1024 non
275 950 294 992 a
319 950 461 1017 corpore
483 926 607 1006 aliena,
623 927 664 992 ad
685 949 866 993 numerum
893 925 1080 993 atmodum
1102 936 1135 992 et

16 1134 18 1139 .
56 1050 312 1139 proportionem
337 1060 371 1115 et
394 1051 648 1139 opportunum²
673 1052 813 1137 (καίριον)
842 1059 874 1115 ct
900 1058 975 1137 apte
1010 1049 1152 1136 cadens

56 1173 216 1254 redeunt,
231 1150 332 1263 atque
360 1197 400 1242 co
428 1176 500 1263 ipso
529 1173 570 1240 ad
605 1174 812 1240 intellectum
849 1184 881 1240 et
901 1175 1078 1240 veritatem
1102 1184 1135 1240 et

56 1299 291 1388 sapientianr³.

102 1423 212 1488 Immo
228 1422 263 1488 in
284 1423 348 1490 hoc
369 1422 505 1513 dialogo
523 1423 619 1490 Plato
638 1446 656 1489 a
678 1422 928 1490 mathematicis
942 1432 974 1489 et
994 1423 1135 1513 physica

55 1546 90 1613 id
109 1548 257 1614 mutuari
271 1547 404 1615 videtur
425 1548 514 1614 unde
535 1548 742 1636 cogitatione
758 1548 926 1637 concipiat
951 1548 1131 1638 pulchrum

32 1752 34 1755 .
56 1671 141 1739 illud
159 1696 219 1761 per
235 1696 286 1753 se,
314 1695 380 1740 non
398 1683 560 1739 terrestre
580 1696 642 1740 nec
666 1673 823 1739 sensibus
848 1683 1058 1763 perceptum,
1071 1697 1134 1740 nec

56 1799 93 1864 in
118 1797 264 1886 singulis
289 1797 392 1864 rebus
420 1808 478 1864 aut
515 1797 715 1887 corporibus
746 1797 914 1865 habitans.
940 1800 984 1865 Ut
1006 1798 1131 1865 bonum

56 1921 163 1988 animi
180 1931 214 1988 et
232 1921 427 1988 felicitatem
447 1923 479 1987 in
496 1945 604 1988 unum
622 1923 765 1988 miscere
777 1932 896 2001 tentat,
912 1923 959 1988 ita
973 1923 1132 1988 diviniori

58 2044 213 2112 idearum
234 2069 342 2134 regno
363 2046 479 2113 illivix
501 2045 669 2128 alludens
693 2032 925 2113 commoratur
960 2047 993 2112 in
1023 2046 1133 2114 medio

57 2171 156 2258 quasi
173 2169 248 2237 loco
273 2171 404 2239 interc'c
422 2177 580 2258 γενὸμενον
603 2181 635 2236 ct
663 2182 695 2239 τὸ
715 2179 807 2252 &recog
824 2179 854 2239 ἕν
885 2171 965 2237 dum
996 2172 1133 2237 univer-

56 2315 135 2358 sum
151 2292 249 2381 (ὃλεν)
267 2292 308 2358 ah
333 2293 510 2359 lutsellectu
536 2302 664 2359 rectum
685 2303 718 2359 ct
733 2293 926 2359 ordinatum
946 2304 1074 2382 spectat
1101 2305 1134 2360 et

58 2417 217 2506 agnoscit
246 2416 276 2482 id
309 2416 428 2483 iisdem
465 2416 662 2483 elementisl
691 2417 912 2507 partibusque
939 2441 977 2484 ac
1009 2428 1132 2485 terres-

55 2553 142 2610 trem
160 2552 193 2608 et
211 2543 394 2608 humanam
418 2551 574 2608 naturam
589 2543 812 2609 constitutum
828 2566 916 2622 esso,
933 2544 1131 2632 igni,tcrra,

58 2669 187 2748 anim0,
205 2667 324 2757 spiritu
347 2677 379 2734 et
409 2666 568 2734 omnihus
597 2668 733 2747 ceteris,
760 2667 817 2734 sed
845 2669 1067 2757 amplioribus
1100 2680 1133 2735 et

56 2791 309 2883 pulchrioribus
326 2815 428 2880 quam
450 2792 501 2857 his
520 2793 551 2856 io
571 2793 683 2858 terris.
708 2794 748 2859 Et
766 2793 926 2859 nimirum
958 2794 1133 2883 significat

58 2918 154 2984 Plato
175 2917 209 2983 in
241 2917 298 2982 illo
319 2927 454 2984 exstare
481 2939 617 3005 quoque
645 2917 872 3004 geometricas
903 2918 978 2984 illas
1003 2918 1132 3008 figuras

58 3065 142 3132 quas
158 3040 358 3131 corporibus
386 3051 419 3107 et
446 3041 586 3130 picturis
614 3042 809 3130 anteponit⁵
825 3053 940 3133 utpote
972 3044 1131 3132 pulchras

58 3189 117 3256 per
143 3189 193 3246 se,
220 3188 287 3233 non
322 3175 480 3254 respectu
504 3166 650 3255 alicujus
681 3167 744 3245 rei,
765 3176 796 3233 ct
813 3167 970 3235 videlicet
999 3170 1131 3235 colores

57 3292 156 3359 etiam
187 3314 225 3357 ac
252 3314 352 3358 sonos
385 3300 562 3379 quatenus·
588 3313 692 3380 puros
733 3301 766 3357 et
792 3292 952 3380 pulchros
991 3317 1051 3382 por
1080 3317 1128 3360 se.

57 3415 200 3482 Nonnisi
225 3438 265 3481 ea
285 3415 319 3480 in
338 3415 498 3481 universo
516 3414 604 3481 unde
625 3415 739 3481 ornnia
765 3438 852 3504 quae
881 3417 914 3482 in
936 3418 1036 3483 terris
1052 3428 1132 3484 sunt

80 3694 96 3728 '¹
114 3696 196 3758 Phth,
208 3700 238 3745 63
250 3710 274 3746 e.

88 3793 195 3843 ²Phil..
208 3798 238 3843 66
252 3808 276 3843 a.

85 3873 271 3963 3μετριότης
302 3880 360 3965 γὰρ
400 3884 448 3945 καὶ
483 3881 647 3967 ξυμμετρία
683 3883 798 3958 κάλλος
833 3886 925 3961 δήπου
960 3885 1008 3948 καὶ
1038 3883 1128 3973 ἁρετὴ

55 3999 206 4071 πανταχοῦ
226 3987 377 4067 ξυμὸαίνει
396 3992 556 4072 γίγνεσθαι.
579 4002 661 4067 Phil,
675 4006 739 4060 cte,

85 4096 274 4155 ⁴Phit.,30h.

86 4196 97 4230 ⁵
114 4195 193 4257 Phil,
205 4199 232 4245 51
250 4209 273 4248 c.
