2804 4814
614 312 653 326 -
679 250 787 344 33'..

162 433 282 500 chrum
313 453 391 498 cum
419 429 549 510 animo,
577 454 655 498 cum
686 432 777 500 bono
810 441 843 499 et
875 432 1019 500 veritat-e
1041 437 1235 522 cognatum

161 567 266 636 esset,
287 557 354 623 nisi
369 554 537 644 gradatim
555 556 601 622 ita
618 557 753 646 penitus
774 566 931 623 naturam
956 555 1088 646 pulchri
1108 555 1237 645 perspi-

161 681 284 749 ciendo
315 690 348 746 et
373 680 578 748 excutiendo
612 691 647 747 ut
680 681 896 771 pulchritudo
923 702 1105 771 corporum
1136 703 1243 770 appa·v

160 817 253 873 reret
268 805 373 872 veluti
385 804 519 894 pulchri
535 814 666 872 tautum
681 806 801 873 umbra
820 816 852 872 et
867 806 980 872 inanis
996 805 1127 895 species
1137 807 1237 895 juxta

162 932 327 998 universa
341 930 498 1020 pulchra,
515 929 585 996 imo
593 933 689 1020 juxta
699 931 881 1021 pulchrum
897 931 980 998 illud
993 953 1052 1021 per
1072 953 1108 997 se
1125 931 1237 1021 ipsum

162 1057 263 1125 oculo
285 1056 389 1122 animi
411 1055 523 1122 solum
540 1056 729 1143 cognitum.
761 1057 806 1124 Ut
822 1056 863 1122 de
879 1065 1002 1123 natura
1017 1055 1149 1146 pulchri
1167 1055 1238 1120 ins-

162 1182 345 1248 titueretur
364 1178 549 1246 discrimen
574 1179 671 1260 illud,
689 1181 845 1247 innatum
868 1203 959 1248 nunc
979 1179 1078 1247 nohis
1099 1189 1131 1249 et
1157 1179 1239 1245 insi-

163 1291 251 1385 tnm{
268 1307 357 1371 inter
367 1303 399 1370 id
416 1303 506 1393 quod
519 1306 673 1394 corporis
689 1315 831 1372 naturae
847 1315 898 1371 est
918 1314 950 1371 et
966 1304 999 1371 id
1012 1305 1114 1393 longe
1126 1326 1240 1394 praes-

163 1439 240 1496 tans
262 1427 351 1517 quod
372 1427 678 1517 animi,op0rtebat
699 1439 734 1495 ut
749 1428 927 1496 dialectico
944 1450 1128 1518 progressu
1143 1449 1240 1494 mens
1307 1407 1309 1412 ³

162 1551 247 1619 illud
258 1551 459 1642 praeteriret
470 1561 503 1617 et
514 1550 555 1618 ad
568 1561 760 1619 extremum
770 1553 954 1632 omitteret,
972 1554 1035 1618 hoc
1047 1552 1236 1641 apprehen-

165 1676 274 1744 deret.
293 1652 359 1745 Sed
379 1697 513 1755 revera,
535 1698 578 1742 ex
592 1699 632 1746 eo
649 1677 740 1766 quod
757 1678 854 1766 quasi
873 1677 1009 1743 culmen
1030 1677 1176 1767 alicujus
1191 1675 1241 1742 rei

167 1801 345 1890 attigimus
362 1810 394 1866 et
408 1801 442 1866 in
458 1800 612 1867 intimam
626 1803 702 1890 ejus
717 1811 875 1868 naturam
894 1802 1031 1891 penitus
1047 1800 1240 1891 penetravi-

166 1948 257 2009 mus,
280 1947 320 1990 ea
338 1939 430 2013 ¹quae
446 1923 480 1990 iu
501 1923 679 1992 dialectico
700 1947 846 1992 ascensu
873 1926 1134 2015 praeterivimus
1157 1924 1242 1991 abo·

165 2053 238 2119 lere
263 2059 299 2117 ut
319 2049 460 2117 omnino
484 2049 570 2117 falsa
591 2073 661 2117 non
677 2051 858 2117 consilium
880 2051 1023 2118 luit'sed
1047 2060 1181 2117 tantum
1201 2050 1242 2116 iis

166 2176 338 2266 subjicere
363 2175 560 2264 ultraquae
584 2176 743 2265 progredi
763 2199 832 2243 non
858 2177 908 2243 fas
926 2187 989 2243 est.
1013 2180 1188 2246 Ascensus
1211 2185 1244 2242 et

165 2302 354 2369 descensus
380 2299 547 2366 dialectici
576 2299 783 2380 cohaerent,
819 2323 881 2366 nec
910 2293 1090 2367 inferiores
1115 2299 1243 2388 gradus

167 2425 279 2492 solum
297 2447 336 2490 ea
352 2424 463 2512 gratia
479 2424 631 2490 existunt
647 2434 684 2491 ut
700 2424 741 2490 ad
763 2425 974 2515 superiorem
999 2447 1062 2490 nos
1079 2403 1239 2491 evehant.

168 2550 219 2618 Ab
240 2551 298 2617 illo
315 2549 464 2616 culmine
480 2549 578 2637 qnasi
598 2549 691 2616 fonte
712 2552 745 2616 in
772 2550 927 2639 singulas
947 2573 1003 2617 res
1026 2548 1243 2640 pulchritudo

168 2674 277 2742 resilit
292 2684 325 2740 et
340 2672 520 2740 redundat.
538 2674 614 2742 Non
630 2673 675 2739 ibi
691 2683 824 2740 tantum
846 2697 882 2741 se
898 2674 1082 2754 contrahit,
1095 2674 1154 2741 sed
1174 2697 1243 2740 non

170 2808 281 2891 potest
291 2796 468 2887 quininde
485 2821 521 2864 se
538 2821 801 2887 quoquoversus
817 2798 996 2866 diffundat.
1034 2799 1098 2880 Qui
1123 2799 1246 2865 asserit

170 2925 307 3013 singula
338 2923 480 3013 pulchra
505 2923 602 3013 qnasi
632 2925 836 3013 praenuntia
863 2947 938 2992 esse
968 2924 1099 3014 pulchri
1124 2924 1244 3014 ipsius,

170 3072 240 3116 non
261 3057 364 3137 negat
390 3047 448 3114 illa
465 3070 601 3137 quoque
621 3047 764 3136 pulchra
782 3071 871 3127 esse,
893 3059 927 3115 et
943 3048 1080 3137 quidem
1096 3048 1192 3115 Plato
1212 3047 1247 3113 in

172 3172 287 3239 multis
303 3171 388 3238 locis
403 3180 582 3241 venustate
597 3193 711 3238 rerum
730 3172 784 3238 vel
805 3171 1032 3259 mythicarum
1053 3171 1246 3238 fabularum
1316 3236 1317 3241 ,

171 3297 380 3364 commoveri
401 3295 549 3380 videtur,
575 3319 781 3386 quamquam
813 3296 998 3362 aesthetica
1029 3299 1104 3386 ejus
1132 3296 1246 3385 philo-

172 3421 294 3512 sophia
317 3421 457 3488 moralis
480 3420 646 3508 quaedam
670 3420 723 3487 vel
747 3421 857 3510 logice
878 3421 933 3488 sit.
964 3423 1033 3489 Nec
1055 3431 1170 3487 tamen
1190 3420 1248 3487 illa

173 3569 252 3613 cum
287 3545 340 3612 his
371 3545 603 3613 confunditur.
645 3532 729 3613 Nam
761 3544 788 3612 si
821 3568 973 3613 amorem
1007 3556 1039 3612 et
1067 3545 1247 3635 pulchrum

174 3671 360 3738 cohaerere
390 3669 687 3749 animadverteris,
717 3693 884 3759 agnosces
914 3670 1046 3759 pulchri
1075 3681 1247 3747 normam,

174 3795 269 3863 velut
292 3795 432 3875 amoris,
454 3817 530 3862 esse
557 3804 716 3862 naturam
744 3795 845 3862 medii
871 3795 1050 3886 cujusdam
1074 3797 1162 3864 inter
1188 3795 1249 3862 hu·

176 3943 277 3986 mana
306 3928 339 3986 el
364 3918 494 3999 divina,
525 3919 614 3985 inter
636 3932 669 3988 τὸ
694 3927 853 4009 γενόμενον
879 3930 913 3997 ‚et
931 3933 964 3990 ab
989 3929 1080 4002 ὅντως
1101 3929 1131 3990 ὅν
1152 3921 1251 3989 etita

175 4054 280 4112 totam
302 4045 335 4111 in
352 4067 537 4135 progressu
552 4044 730 4112 dialectico
742 4068 817 4112 esse
832 4048 945 4136 (cujus
961 4068 1165 4136 progressus
1180 4048 1252 4137 ipse

179 4191 276 4236 amor
300 4169 461 4237 stimulus
490 4170 572 4260 est),
598 4167 725 4237 nedum
754 4193 795 4237 eo
820 4169 1041 4239 resorbentur
1062 4181 1151 4240 etse
1171 4194 1250 4239 con-

1145 4300 1161 4347 a
