2804 4814
606 262 782 326 ..84-

159 411 248 479 bona
265 413 417 479 instituta
435 413 492 479 illa
512 436 599 501 quae
616 424 784 503 proponat
805 417 878 500 (aut
898 413 1034 497 similia)
1053 423 1088 479 ut
1108 436 1235 503 perse,

159 539 265 606 semel
283 539 430 624 invecta,
454 561 630 619 mansura,
648 549 762 630 sperat
781 562 882 630 posse
905 539 1083 629 importari
1105 538 1148 604 ab
1168 561 1239 605 uno

159 663 310 752 ingenuo
331 664 405 730 viro
419 664 476 752 qui
494 687 664 731 summam
680 665 714 730 in
729 664 904 754 republica
918 672 1121 752 potestatem
1135 661 1239 754 habe·

160 797 210 855 ret
224 798 257 855 et
272 811 350 854 cum
366 788 510 879 sapienti
525 788 641 878 legum
657 788 834 856 conditore
848 788 995 878 quodam
1012 787 1237 854 consentiret.

161 915 230 982 Nec
249 913 435 1003 AEgyptum
459 936 595 1002 quoque
619 914 768 1001 ignorat,
794 912 923 1002 grande
943 933 1067 1001 corpus
1091 911 1240 977 multum

161 1037 309 1106 civitatis
338 1037 518 1117 dissimile,
543 1037 611 1104 imo
635 1036 763 1103 laudat.
791 1036 1022 1104 Nihilominus
1046 1034 1242 1124 rempubli-

161 1185 236 1229 cam
257 1162 407 1253 aliquam
420 1162 559 1229 nonnisi
576 1161 638 1228 sub
653 1162 765 1251 specie
779 1161 873 1227 urbis
888 1160 1068 1250 cujusdam
1082 1183 1162 1227 cum
1178 1182 1242 1227 suo

162 1286 327 1355 suburbio
342 1288 503 1376 concipit,
517 1310 629 1376 neque
641 1309 762 1375 agrurn
777 1308 877 1352 suum
896 1285 1028 1352 inlatas
1043 1285 1242 1375 provincias

162 1412 408 1492 continuantis,
423 1411 482 1478 sed
498 1434 591 1478 more
605 1434 705 1501 apum
724 1410 964 1477 examinantis.
982 1410 1019 1476 ld
1039 1432 1122 1477 vero
1143 1410 1242 1498 igno-

163 1560 239 1604 rare
264 1537 411 1620 videtur,
439 1559 502 1604 nee
527 1536 665 1625 quidem
691 1537 829 1602 novisse
858 1543 1003 1624 poterat,
1031 1535 1189 1601 civitates
1210 1545 1244 1601 et

164 1662 308 1752 imperia
318 1671 412 1730 tanto
430 1662 538 1750 magis
549 1661 673 1728 durare
690 1669 817 1749 quanto
833 1663 1008 1749 majoraet
1021 1660 1143 1726 latiora
1159 1661 1242 1740 sint,

164 1788 246 1858 dum
266 1788 301 1854 in
321 1788 385 1855 hoc
401 1787 537 1854 culmen
553 1786 643 1875 quod
663 1785 784 1874 adepta
798 1786 868 1851 sint
881 1808 942 1874 per
961 1785 1093 1852 debitos
1114 1785 1244 1874 gradus

166 1926 283 1983 evecta
303 1912 430 1980 fuerint
453 1922 486 1979 et
509 1912 730 1991 increverint,
751 1920 785 1978 et
804 1910 884 1976 dum
906 1909 963 1976 ille
989 1909 1111 1976 modus
1136 1920 1169 1977 et
1186 1911 1245 1978 illa

167 2038 278 2105 forma
293 2036 500 2127 reipublicae
514 2059 616 2125 quam
632 2045 904 2124 repraesentent,
918 2035 951 2100 in
970 2044 1126 2101 anteacto
1139 2058 1245 2102 cursu

168 2165 396 2232 humanarum
419 2186 549 2243 rerum,
568 2163 731 2230 continuo
752 2173 785 2229 et
809 2161 902 2229 lento
922 2163 1150 2240 incremento,
1176 2184 1246 2228 me-

167 2291 254 2358 liora
270 2289 469 2356 melioribus
488 2287 702 2356 contexendo
722 2310 861 2377 eparvo
882 2287 979 2354 initio
999 2283 1072 2376 ipsa
1089 2287 1192 2352 etiam
1210 2309 1247 2353 se

170 2413 383 2482 sustulerint.
401 2416 492 2503 Ergo
509 2412 727 2480 stabilitatem
747 2422 781 2478 et
795 2411 1054 2478 diuturnitatem
1068 2434 1151 2477 suae
1165 2411 1248 2477 civi-

170 2541 229 2608 tati
242 2563 278 2607 se
289 2562 485 2630 comparare
499 2539 787 2627 confiditoperam
802 2537 913 2605 dando
931 2560 972 2604 ne
988 2537 1103 2627 plures
1120 2560 1162 2602 ex
1179 2559 1249 2602 una

173 2665 241 2740 liat,
260 2665 361 2732 finem
379 2674 412 2730 et
431 2664 550 2731 modos
579 2686 661 2730 suos
684 2673 716 2729 et
740 2684 921 2728 numerum
946 2660 1128 2750 quemdam
1149 2684 1249 2728 exce-

172 2791 296 2859 dendo.
319 2792 465 2857 Prorsus
487 2789 658 2856 civitatem
679 2789 786 2866 illam,
802 2788 908 2854 veluti
932 2785 1101 2876 quoddam
1122 2787 1251 2853 animal

173 2917 347 2984 intellectu
364 2915 567 3005 praeditum,
582 2914 634 2980 sui
648 2914 744 3003 quasi
761 2913 932 2979 consciam
945 2935 985 2978 eo
1001 2911 1090 3000 quod
1102 2911 1250 3000 quisque

174 3042 299 3113 civium
317 3049 509 3107 ceterorum
526 3062 696 3128 quemque
712 3037 859 3116 noverit,
877 3036 1062 3102 familiares
1078 3034 1203 3101 babeat
1218 3044 1251 3100 et

174 3189 251 3236 cum
273 3167 354 3256 ipsis
371 3165 570 3254 saepissime
585 3163 627 3230 de
643 3163 778 3252 publico
798 3162 888 3228 bono
905 3161 1052 3250 colloqui
1069 3160 1190 3249 possit,
1207 3199 1251 3210 ·-

175 3295 285 3382 magis
301 3314 404 3359 unam
426 3301 459 3357 et
478 3313 593 3357 secum
615 3289 885 3356 consentientem
908 3309 1017 3375 eoque
1039 3284 1250 3352 stabiliorem

175 3419 317 3487 reddere
333 3416 531 3506 aggreditur
547 3413 647 3480 modo
663 3413 908 3480 communitate
925 3420 1103 3500 parentum
1120 3419 1153 3475 ot
1166 3409 1251 3477 libe-

176 3567 294 3613 rorum
308 3553 409 3632 atque
430 3565 497 3609 una
518 3539 655 3608 vinculo
673 3562 752 3605 vere
769 3538 922 3604 fraterno
944 3537 1033 3602 inter
1047 3535 1139 3601 cives
1155 3535 1252 3600 insti-

176 3681 262 3759 tuto,
286 3669 399 3749 modo,
422 3669 454 3734 iu
481 3666 644 3756 Legibus,
670 3665 837 3732 conviviis
858 3674 891 3730 et
915 3663 1003 3729 ludis
1023 3660 1253 3727 communiter

178 3774 274 3876 abtis,
292 3795 412 3885 partim
428 3793 529 3859 etiam
546 3814 621 3858 eam
642 3791 814 3857 civitatem
836 3789 877 3855 ab
898 3789 972 3854 aliis
989 3785 1122 3876 populis
1137 3807 1252 3874 segre·

177 3922 289 4012 gando
312 3931 346 3987 ot
379 3943 397 3985 a
429 3916 638 3984 novitatibus
662 3914 888 3982 defendendo.
916 3912 1010 3978 Adde
1040 3933 1176 4000 quoque
1202 3909 1254 4000 (ut

178 4058 277 4115 antea
297 4046 423 4113 dictum
441 4048 505 4131 est)
521 4042 627 4132 quod,
650 4064 690 4107 ex
708 4039 878 4107 sententia
893 4037 1058 4115 Platonis,
1080 4057 1141 4100 nec
1163 4034 1254 4100 intra

178 4173 263 4240 fines
284 4172 359 4238 illos
376 4180 407 4237 et
426 4167 561 4235 modum
579 4175 611 4232 et
629 4187 811 4232 numerum
826 4172 957 4230 certum
974 4158 1156 4248 quemdam
1173 4181 1253 4225 con-
