2804 4814
572 279 752 351 ..Μ-ι

127 449 209 528 φύσις
229 447 263 506 et
281 455 299 524 ἡ
318 446 441 529 θατέρου
458 443 497 503 »¹
520 440 610 529 quod
625 442 764 508 omnino
780 441 974 507 intellectus
996 450 1059 520 est,
1076 434 1203 531 reperi·
1301 530 1303 537 y

126 574 195 644 tur,
210 605 251 613 -
264 565 342 631 inde
356 575 469 652 motus
483 575 516 632 et
527 574 650 632 natura
663 566 766 631 animi
779 588 839 655 per
850 575 980 634 motum
992 565 1110 632 mundi
1124 588 1203 632 con-

128 689 302 778 cipiuntur
325 698 357 754 et
383 689 610 756 illustrantur.
641 691 706 756 Per
738 690 961 778 geometriam
988 712 1075 778 quae
1106 689 1203 778 quasi
1307 676 1312 686 ’

126 813 278 881 medium
294 814 408 882 locum
420 823 526 894 tenet,
539 824 572 880 et
582 814 704 881 harum
721 836 837 882 rerum
855 837 942 903 quae
956 814 1114 881 sensibus
1130 837 1204 904 per·
1297 857 1299 861 ψ

126 940 193 1029 cipi
222 949 379 1029 possunt,
406 962 510 1029 parva
543 940 711 1016 elementa
742 962 924 1029 corporum
952 939 1203 1028 triangulorum

127 1064 352 1154 compagibus
369 1064 617 1144 assimulando,
632 1065 801 1132 rationem
818 1064 941 1145 reddit,
959 1065 1055 1132 Plato
1068 1065 1204 1132 univer-

128 1213 204 1257 sum
226 1213 376 1278 quoque‚
394 1190 427 1255 id
447 1200 499 1257 est
519 1190 693 1270 caelestia,
715 1190 844 1270 divina,
866 1200 900 1257 et
919 1191 1071 1256 animum
1092 1190 1204 1280 ipsum

129 1325 165 1381 ut
195 1314 229 1381 iu
266 1313 380 1402 elligie
407 1314 581 1380 simillima
616 1324 784 1381 monstrat
822 1314 960 1381 circulis
990 1323 1024 1381 et
1053 1324 1149 1381 motu
1170 1315 1204 1380 in

132 1438 249 1507 orbem
272 1437 452 1527 (περιφερὲς)
474 1438 613 1505 utendo.
640 1439 807 1528 acquum
834 1439 1001 1505 rationem
1023 1439 1206 1526 geometri-

130 1584 247 1629 carum
265 1561 453 1650 figurarum
471 1584 549 1629 cum
566 1563 699 1628 ratione
711 1571 865 1629 motuum
879 1585 984 1652 prope
1000 1561 1206 1629 confundat²

132 1697 165 1753 et
185 1686 397 1776 superiorem
418 1687 630 1775 geometriae
654 1695 783 1776 partem
805 1710 882 1753 cum
908 1688 1057 1754 aeternis
1078 1697 1111 1754 et
1131 1709 1206 1776 per-

130 1813 227 1880 lectis
245 1812 348 1878 animi
366 1813 516 1879 universi
535 1812 698 1892 motibus,
715 1835 755 1879 eo
772 1813 846 1902 ipso
867 1812 1069 1901 intelligitur
1088 1835 1204 1879 veram

75 1980 76 1983 =
130 1936 319 2024 figurarum
339 1936 627 2026 pulchritudinem
645 1959 745 2026 posse
769 1937 911 2027 reperiri
928 1938 962 2002 in
983 1960 1024 2004 eo
1046 1937 1136 2026 quod
1154 1946 1206 2003 est

130 2068 198 2130 εὐθύ
213 2093 241 2130 τι
255 2067 303 2129 καὶ
316 2073 486 2150 περιφερὲς,
499 2061 595 2128 idest
610 2061 643 2126 in
656 2062 874 2150 geometricis
890 2063 1010 2150 figuris
1024 2072 1061 2128 ut
1077 2061 1205 2150 aliquid

130 2187 267 2255 habitus
284 2187 388 2252 animi
405 2188 556 2253 universi
576 2197 608 2254 et
624 2188 726 2270 simul
746 2187 901 2277 principii
918 2189 1073 2254 omnium
1089 2210 1203 2254 rerum

129 2310 370 2379 referentibus,
393 2313 457 2390 lta,
484 2334 588 2400 quum
611 2312 800 2400 figurarum
827 2335 963 2400 quoque
987 2313 1205 2402 pulchritudo

130 2460 149 2504 a
177 2435 429 2526 pulchritudine
458 2436 608 2502 universi
639 2437 735 2524 quasi
763 2436 910 2525 profluat
947 2437 1037 2525 quod
1069 2438 1205 2504 animus

131 2563 304 2629 humanus
326 2562 422 2651 quasi
443 2561 560 2640 refert,
582 2561 824 2651 comprobatur
840 2562 925 2628 ratio
944 2562 1001 2627 illa
1017 2562 1204 2630 secundum

132 2712 235 2778 quam
265 2689 362 2758 Plato
390 2689 546 2755 intimam
571 2689 703 2778 pulchri
730 2699 887 2755 naturam
925 2711 1151 2778 prosequens,
1187 2712 1210 2760 a

130 2815 334 2906 corporibus
348 2814 500 2904 pulchris
517 2814 556 2880 ad
579 2814 721 2904 pulchra
742 2814 854 2880 studia
874 2824 907 2880 et
920 2815 1065 2881 virtutes
1085 2815 1204 2895 animi,

132 2950 166 3007 et
176 2950 387 3030 postremum
400 2938 441 3006 ad
453 2939 520 3006 tale
533 2939 714 3028 pulchrum
730 2939 820 3028 quod
832 2962 909 3005 cum
920 2939 977 3006 illo
986 2962 1108 3008 revera
1117 2939 1206 3006 exis-

132 3073 224 3130 tente
240 3073 273 3130 et
292 3063 392 3131 simul
415 3063 518 3130 animi
538 3062 664 3151 gaudio
680 3063 857 3129 veritatem
880 3064 1044 3130 intuentis
1065 3087 1101 3130 se
1119 3086 1206 3130 con-

132 3187 252 3255 fundat
271 3187 436 3254 ascendit.
459 3187 522 3253 Hic
542 3187 740 3254 dialecticus
756 3210 961 3277 progressus
981 3187 1097 3254 divino
1114 3211 1205 3254 amo-

133 3312 180 3378 ris
194 3312 359 3378 instinctu
380 3311 485 3378 initus
501 3322 696 3401 compertus
715 3321 766 3378 est
782 3321 880 3402 aptus
901 3321 934 3378 ct
953 3321 1066 3379 rectus
1086 3309 1204 3379 luisse.

135 3438 217 3504 Post
237 3437 555 3527 impetum‘poetici
585 3437 738 3527 spiritus
762 3438 796 3503 in
823 3437 967 3506 Philebo
994 3448 1027 3505 et
1051 3438 1205 3519 Timae0‚

133 3561 277 3628 scientia
296 3561 462 3650 quaedam
483 3562 620 3650 singula
634 3585 831 3643 recensens,
844 3563 879 3629 in
897 3573 1010 3652 partes
1026 3585 1098 3629 rem
1114 3563 1208 3652 dige-

134 3709 227 3767 rens,
250 3687 392 3754 minutis
410 3687 601 3754 rationibus
623 3688 749 3767 nitens,
767 3687 885 3755 eadem
904 3687 1103 3777 comprobat
1120 3711 1207 3777 quae

134 3813 304 3880 concitato
321 3813 461 3902 ingenio
484 3814 695 3902 placuerant.
716 3815 797 3880 Post
812 3821 925 3900 μάντιν,
941 3838 1020 3882 ecoe
1039 3822 1207 3906 προφάτης,

165 4099 173 4131 ¹
192 4098 243 4159 rt,
259 4101 290 4146 36
305 4111 328 4146 e.
811 4154 813 4157 ,

166 4197 177 4235 ¹
194 4195 273 4258 Phil,
286 4198 315 4244 ut
328 4208 351 4245 c.
369 4183 437 4246 εὐθύ
453 4208 480 4246 τι
499 4187 581 4278 λέγω
597 4185 645 4245 καὶ
659 4190 828 4267 περιφερές.
