2804 4814
611 276 787 344 *69-

159 431 395 511 recitantibus,
433 431 486 497 vel
522 430 555 496 in
586 431 756 498 theatrum
794 453 958 520 personas
995 429 1236 499 inducentibus

159 556 305 647 populus
331 556 498 624 rationem
528 555 618 623 vitae
642 566 675 624 et
699 556 872 623 doctrinas
896 555 937 622 de
962 554 1026 622 diis
1052 555 1233 647 acciperet.

161 682 260 750 Haud
280 682 380 749 aliter
403 681 499 748 Plato
517 683 706 749 Homerum
727 690 760 748 et
781 680 962 771 praecipue
985 680 1135 769 tragicos
1155 703 1235 770 poe-

159 818 211 875 tas
227 807 336 897 carpit
352 807 432 873 acsi
449 806 530 895 ‘quis
548 806 732 874 emendare
756 816 903 874 tentaret
923 829 992 873 non
1016 806 1147 895 poesim
1162 816 1235 873 tan·
1302 805 1303 808 ’

159 941 245 1012 tum,
275 932 334 999 sed
364 932 543 1021 opiniones
572 931 613 998 de
638 931 741 998 rebus
764 930 890 998 divinis
915 941 947 997 et
974 931 1078 997 simul
1107 953 1233 1008 mores,

160 1079 267 1145 eaque
295 1055 337 1123 ad
366 1056 536 1123 veriorem
563 1056 732 1122 rationem
758 1055 938 1123 adducere.
966 1057 1062 1123 Tunc
1087 1056 1236 1124 maxime

159 1180 272 1272 poesis
284 1190 316 1248 et
328 1180 540 1271 mythologie
552 1204 620 1247 non
630 1204 691 1270 pro
701 1180 780 1248 lusu
789 1190 922 1247 tantum
935 1158 1235 1270 haberipoterant⁹

160 1308 218 1375 sed
238 1308 495 1398 conjunctiores
516 1330 618 1397 quam
645 1331 737 1375 nunc
753 1317 850 1375 erant
871 1330 949 1375 oum
974 1306 1064 1375 vitae
1089 1308 1234 1376 ratione.

159 1432 260 1522 Atqui
282 1430 377 1498 nullo
393 1441 546 1521 tempore
571 1431 724 1521 profecto
745 1430 786 1497 ah
806 1454 846 1497 ea
871 1439 1016 1520 possunt
1042 1430 1236 1521 disjunctae

160 1580 236 1624 esse
251 1556 384 1623 litterae
404 1566 438 1622 et
456 1556 584 1647 poesis,
599 1579 663 1623 neo
678 1556 729 1637 las
746 1566 797 1623 est
811 1581 818 1630 ;
837 1566 871 1623 et
887 1556 1085 1624 Platonicae
1101 1566 1236 1623 senten-

160 1681 227 1748 tiae
247 1681 299 1747 vis
328 1680 462 1747 nonde
487 1680 590 1748 rebus
623 1682 743 1748 aetatis
776 1705 858 1749 suae
888 1691 1019 1748 tantum
1045 1682 1149 1762 valet,
1178 1681 1236 1749 scd

160 1805 262 1873 latius
279 1814 371 1896 patet
388 1815 421 1872 et
439 1805 564 1872 rationi
580 1807 762 1873 universae
779 1817 811 1874 et
832 1817 991 1874 aeternae
1014 1808 1237 1874 honestarum

162 1930 287 1997 artium
304 1953 341 1997 se
358 1931 490 1997 inserit.

206 2184 237 2248 5.
254 2223 298 2232 —
318 2183 479 2270 Superest
499 2190 536 2247 ut
554 2180 595 2247 de
617 2180 845 2248 architectura
864 2180 1056 2270 ceterisque
1078 2181 1236 2271 hujusce·
1302 2226 1305 2235 ·

163 2304 252 2372 modi
269 2304 411 2384 artibus,
430 2313 464 2371 et
478 2313 652 2393 postremo
663 2304 704 2370 de
718 2304 849 2371 musica
863 2303 1056 2393 loquamur.
1075 2305 1173 2386 Quod
1186 2282 1242 2372 est¹

162 2430 409 2497 architecturae
437 2440 470 2496 et
496 2429 621 2496 artium
653 2452 729 2496 cum
767 2453 807 2496 ea
836 2452 1086 2510 connexarum,
1108 2430 1238 2497 seilicet

162 2556 327 2645 picturae,
364 2554 573 2644 sculpturae,
607 2564 640 2621 et
679 2563 870 2621 ceterarum
908 2553 1120 2645 hujusmodi,
1158 2555 1237 2622 hinc

162 2681 258 2747 Plato
272 2680 307 2745 in
328 2702 425 2747 suam
439 2680 611 2747 civitatem
630 2679 684 2746 vel
704 2680 817 2769 potius
833 2703 896 2747 sua
915 2689 1027 2747 castra
1047 2703 1237 2769 perpaucos

162 2806 301 2896 opitices
322 2805 356 2871 in
378 2805 460 2872 solis
476 2803 606 2872 artibus
632 2828 719 2893 quae
740 2804 781 2870 ad
807 2828 908 2872 usum
931 2805 1021 2871 vitae
1042 2801 1237 2873 necessario

164 2931 355 3021 pertineant
384 2939 562 2997 versantes
594 2929 752 3009 admittit,
782 2929 875 2995 illinc
899 2929 949 3018 (ut
977 2929 1034 3018 qui
1064 2952 1134 2996 non
1163 2930 1237 2996 sine

163 3079 266 3123 causa
296 3056 407 3123 forma
433 3054 558 3145 dialogi
597 3065 733 3135 utatur,
764 3065 880 3145 utpote
907 3055 1091 3144 aliquando
1120 3079 1236 3122 secum

163 3181 321 3267 discors),
337 3189 493 3248 retexere
509 3180 699 3247 orationem
717 3179 864 3260 videtur,
886 3203 991 3269 quum
1012 3181 1047 3247 in
1068 3180 1187 3269 liguris
1204 3189 1238 3247 et

165 3305 327 3372 aedificiis
354 3315 387 3372 et
412 3305 487 3372 aliis
511 3304 671 3394 operibus
696 3304 856 3372 exhibitis
890 3305 931 3372 ah
962 3305 1149 3372 artificibus
1177 3306 1235 3394 qui

164 3431 293 3497 inventi
311 3430 438 3497 fuerint
455 3430 522 3519 apti
539 3429 580 3496 ad
599 3429 790 3497 venandam
806 3431 938 3520 pulchri
956 3444 988 3497 et
1002 3429 1116 3497 decori
1132 3440 1237 3498 natu-

165 3558 273 3636 ram¹‚
285 3557 399 3623 inesse
414 3554 504 3622 dicat
520 3555 648 3645 aliquid
665 3556 868 3645 ingenuum,
886 3556 1039 3636 liberale,
1054 3556 1140 3623 bene
1159 3579 1238 3624 mo-

163 3694 275 3750 ratum
293 3682 382 3772 quod
399 3683 496 3772 quasi
511 3682 657 3749 salubris
672 3705 756 3749 aura
771 3706 831 3773 per
847 3706 947 3750 aures
962 3692 994 3748 et
1007 3683 1124 3750 oculos
1139 3684 1238 3751 adve-

163 3811 260 3875 niens
271 3811 376 3898 jama
395 3807 523 3874 teneris
546 3808 678 3876 animos
699 3808 739 3874 ad
757 3808 1015 3875 similitudinem
1036 3818 1068 3874 et
1088 3808 1238 3876 studium

164 3933 296 4023 pulchri
328 3932 507 3999 adducat².
537 3932 592 4002 Sic
621 3933 723 3999 etiam
752 3933 860 4022 (atqui
892 3956 932 4000 ea
960 3933 1112 4022 quaeda
1146 3936 1239 4003 omni

196 4156 205 4189 ¹
224 4166 276 4241 τὴν
298 4173 348 4225 τοῦ
362 4165 455 4224 καλοῦ
469 4187 501 4225 τε
521 4163 569 4225 καὶ
590 4162 775 4245 εὐσχήμονος
792 4165 883 4243 φύσιν.
905 4174 998 4238 Resp.‚
1014 4174 1063 4236 111,
1079 4177 1122 4223 401
1140 4188 1161 4224 o.

197 4273 207 4306 ²
224 4274 316 4338 Resp.,
330 4273 379 4337 111,
394 4275 439 4322 401
456 4271 483 4322 b.
