2804 4814
608 272 783 340 ..36-

160 428 261 496 modo
281 452 338 496 eas
359 428 533 518 possidere
546 430 687 496 noxium
704 452 793 510 esse,
811 430 838 496 si
854 429 1041 497 diviniores
1061 412 1137 498 illas
1153 455 1233 520 quo-

161 577 226 642 que
247 553 436 643 possideas,
453 564 486 621 et
501 554 655 621 ordinem
670 577 709 620 ac
729 553 908 620 intervalla
924 554 1012 620 inter
1027 577 1086 620 eas
1102 577 1232 635 servae,

160 688 193 744 et
212 677 416 745 diviniorem
439 678 759 745 mathematicorum
776 688 906 767 partem
923 678 1027 744 colae.
1052 679 1093 744 Et
1105 681 1177 768 jam
1201 680 1234 745 in

160 804 350 892 Protagora
371 803 545 872 Socratico
571 802 642 870 lere
662 801 813 891 dialogo,
837 803 924 869 ratio
943 803 1080 869 virtutis
1103 812 1136 868 et
1162 802 1233 870 leli-

159 927 272 993 citatis
312 927 414 994 simul
452 926 542 993 dicta
588 936 639 993 est
681 926 916 992 arithmetica¹
958 935 1015 992 aut
1057 928 1235 995 metretica

161 1050 329 1140 quaedam
354 1073 442 1118 esse.
464 1052 594 1119 Verum
624 1051 657 1116 in
685 1050 848 1135 Philebo,
875 1060 967 1118 totus
997 1051 1093 1118 Plato
1123 1063 1175 1119 est
1200 1053 1234 1119 in

159 1199 318 1257 numero,
337 1176 370 1242 in
389 1175 503 1255 modo,
518 1176 553 1242 in
573 1158 799 1265 congruentia
816 1179 1011 1269 (ξυμμετρίᾳ)
1029 1186 1062 1243 et
1086 1200 1234 1267 propor-

159 1303 272 1381 tione3
294 1311 327 1367 et
347 1300 434 1367 idem
453 1301 509 1389 qui
526 1301 561 1366 in
577 1299 778 1367 Phaedone²
798 1300 891 1367 nulla
911 1301 976 1367 alia
994 1324 1029 1367 re
1046 1324 1085 1367 ao
1102 1303 1233 1390 pulchri

161 1426 267 1516 ipsius
285 1425 479 1514 praesentia
495 1423 634 1514 pulchra
656 1447 732 1490 esse
766 1447 805 1490 ea
826 1447 913 1513 quae
936 1425 1002 1490 sint
1020 1425 1177 1513 pulchra,
1202 1437 1236 1493 et

162 1551 308 1638 liguram
322 1549 465 1638 (σχῆμα),
477 1549 625 1615 colorem
639 1558 672 1615 et
682 1548 763 1615 talia
773 1548 821 1614 nil
835 1547 956 1615 afferre
968 1549 1033 1615 nisi
1050 1549 1234 1639 caliginem

161 1673 202 1740 ad
231 1667 481 1762 explanandam
513 1672 657 1762 alicujus
683 1673 733 1738 rei
758 1656 1045 1762 pulchritudinem
1067 1672 1232 1755 affirmat,

163 1800 196 1864 in
232 1798 373 1865 Philebo
410 1797 617 1887 voluptatem
653 1787 871 1863 aeslheticam
913 1808 948 1864 ut
982 1799 1092 1887 magis
1132 1822 1235 1888 quam

163 1924 266 1990 ullam
288 1906 390 1990 aliam
419 1945 496 1989 cum
523 1923 688 1989 numero³
709 1927 741 2009 (e
777 1923 872 1990 linito
905 1934 939 1990 et
969 1924 1101 1992 infinito
1131 1928 1234 2015 orto),

162 2060 195 2116 et
213 2051 408 2128 mensurat,
427 2059 460 2115 et
476 2047 590 2126 modo,
609 2059 642 2114 et
661 2036 793 2127 ordine,
810 2058 843 2114 et
862 2049 1078 2130 harmonia⁵,
1096 2061 1128 2117 et
1144 2075 1234 2118 com-

162 2175 305 2241 mensu6
326 2173 520 2266 (ξυμμετρίᾳ)
541 2183 573 2239 et
588 2173 804 2239 concinentia
817 2172 993 2266 (συμφωνίᾳ)
1006 2177 1160 2264 junctam
1179 2200 1235 2267 po-

161 2301 211 2366 nit
225 2325 233 2380 ;
256 2309 358 2388 atquo
384 2299 486 2365 etiam
515 2321 625 2387 neque
646 2298 803 2388 voluptas
839 2299 906 2365 ulla
928 2300 1007 2380 alia,
1037 2323 1149 2390 neque
1167 2303 1236 2369 vita

161 2424 260 2491 beata
278 2429 328 2512 (nt
344 2423 374 2489 ei
393 2422 541 2509 videtur)
556 2423 629 2489 sinc
649 2445 807 2502 numero,
825 2422 939 2503 modo,
956 2425 1135 2514 sapientia,
1152 2437 1235 2493 tam-

161 2550 328 2640 perantia,
356 2549 550 2615 sinceritate
584 2558 727 2638 possunt
753 2571 849 2629 esse;
880 2550 984 2616 immo
1001 2573 1069 2617 non
1093 2564 1235 2640 possunt

161 2673 313 2739 veriores
334 2695 373 2738 ac
393 2672 548 2762 puriores
560 2672 752 2761 voluptates
768 2671 869 2738 ittae'1
893 2702 905 2735 ι
935 2697 1022 2761 qnae
1042 2676 1132 2741 cirea
1163 2676 1233 2765 pul-

161 2798 262 2866 chros
278 2797 424 2878 colores,
439 2797 581 2886 figuras,
597 2820 699 2864 sonos
711 2796 903 2863 consistunt
918 2825 947 2864 ιι.
970 2801 1012 2864 Ut
1028 2798 1154 2866 honum
1173 2800 1235 2867 suh

194 3073 202 3104 ¹
219 3070 342 3134 Protag.·‚
354 3074 400 3120 356
412 3082 435 3119 c.

193 3167 340 3226 ’Phaedo
358 3170 401 3216 loo
420 3166 445 3217 d.

193 3263 383 3324 ³Pm1.‚rca.
404 3252 464 3316 Καὶ
481 3257 537 3333 μὴν
554 3257 585 3316 el
602 3278 637 3335 γε
652 3258 776 3335 χειμῶσι
793 3253 841 3316 καὶ
856 3256 985 3335 πνίγεσιν
1006 3257 1188 3336 ἑγγενὲμενα
1204 3263 1236 3319 τὸ

162 3366 214 3440 μὲν
241 3362 319 3423 πολὺ
344 3361 409 3422 λίαν
437 3361 484 3424 καὶ
511 3363 630 3444 ἄπειρον
657 3359 806 3442 ἀφείλετο,
834 3366 867 3423 τὸ
894 3358 1069 3444 &donatori
1098 3364 1146 3424 aad.
1174 3361 1235 3443 ἅμα

161 3471 328 3550 σύμμετρον
362 3465 561 3551 ἀπειργάσατο
579 3462 610 3549 (ἡ
631 3472 741 3530 τούτων
761 3470 832 3550 ὀρθὴ
855 3463 1042 3546 κοινωνία)...
1062 3465 1180 3532 Οὐκοῦν
1202 3476 1236 3534 ἐκ

160 3578 269 3638 τούτων
293 3565 366 3657 ὧραι
388 3599 420 3637 τε
447 3575 494 3638 καὶ
513 3574 566 3637 ’ὅσα
581 3572 660 3637 καλὰ
680 3570 841 3653 πάνθ’ἡμϊν
862 3579 982 3656 γέγονε,
1003 3581 1059 3638 τῶν
1076 3572 1235 3660 τ’ἀπείρων

161 3681 286 3744 καὶτῶν
306 3685 401 3763 πέρας
421 3681 549 3764 ἐχόντων
570 3683 835 3763 συμμιχθέντων...
859 3679 918 3743 Καὶ
938 3683 1060 3744 ἄλλα...
1084 3678 1144 3745 οἷον
1167 3680 1235 3762 μεθ’

163 3789 274 3868 ὑγιείας
294 3786 409 3857 κάλλος
429 3788 477 3851 καὶ
494 3785 618 3869 ἰσχὺν...

192 3895 378 3958 mouere.

192 3993 382 4057 munera.

191 4091 301 4153 eran„
318 4095 385 4141 eea.

192 4189 382 4253 ⁷Phil.,5tb.
