2804 4814
588 258 738 329 -9,

125 437 205 480 nam
232 437 319 502 quae
341 437 409 480 non
425 415 570 504 imperat
592 415 654 481 sed·
667 423 775 504 paret,
793 414 893 480 idest
914 413 1066 480 moribus
1080 412 1199 500 vigen-

125 537 215 604 tibus
244 540 300 627 qui
331 538 475 605 forsitan
503 539 654 605 mutandi
678 549 776 606 erant
800 561 875 605 sese
907 549 1020 628 aptam
1047 536 1199 627 praebet,

126 685 282 752 quaeque
307 673 342 730 ut
357 686 439 730 vera
468 663 614 731 admittit
634 687 674 730 ea
694 665 729 730 in
753 663 876 753 quibus
906 663 1059 753 plerique
1084 684 1199 729 assen-

125 788 227 866 tiunt,
248 771 416 854 videlicet*
440 810 536 877 opes,
567 798 769 878 potestatem
804 799 837 855 et
868 788 981 854 media
1018 810 1078 877 per
1113 809 1200 876 quae

126 912 351 1000 acquiruntur
379 911 469 979 hona
496 935 585 992 esse,
610 953 651 962 -
675 914 834 983 Socrates
861 913 959 979 nobis
990 921 1201 979 monstratur

128 1039 210 1104 satis
232 1038 356 1104 rationi
374 1038 476 1105 simul
492 1049 523 1106 et
540 1039 704 1119 sermoni,
718 1039 750 1104 id
776 1049 827 1106 est
852 1046 934 1128 λόγῳ
959 1038 1149 1117 conlidens,
1168 1036 1201 1103 id

127 1172 185 1229 est,
204 1163 354 1243 veritati,
374 1173 410 1231 ut
440 1165 474 1230 in
505 1166 577 1231 suis
610 1163 930 1231 ratiocinationibus
956 1163 1040 1230 nibil
1070 1186 1138 1230 non
1166 1163 1200 1229 in

126 1286 229 1354 dubio
254 1297 358 1377 ponat
382 1298 413 1355 et
444 1289 587 1357 elencho
609 1290 890 1378 interrogationis
921 1287 1091 1378 subjiciat.
1109 1292 1201 1376 Λόγῳ

127 1412 330 1501 intelligitur
361 1413 464 1480 simul
493 1435 621 1493 serm0,
650 1414 864 1504 disceptatio,
890 1414 942 1479 vis
973 1412 1142 1479 sermonis
1170 1421 1203 1478 et

129 1536 325 1617 verborum,
348 1538 399 1604 vis
421 1539 493 1628 ipsa
512 1540 681 1619 veritatis,
699 1563 766 1629 qua
788 1539 893 1606 veluti
922 1538 1089 1606 daemone
1119 1560 1201 1626 quo·

127 1661 205 1728 dam
221 1674 323 1752 caput
343 1663 529 1753 superbum
545 1666 699 1753 erigente
716 1665 764 1731 nil
785 1665 907 1732 melius
933 1661 1201 1729 deliberantibus

129 1786 282 1853 accidere
297 1797 408 1877 potest
425 1812 526 1878 quam
544 1790 647 1856 vinci.
669 1790 734 1859 Sed
765 1790 822 1855 illa
837 1789 964 1854 veritas
991 1795 1074 1876 λόγῳ
1099 1809 1201 1874 gene-

128 1920 200 1977 rata
221 1911 284 1978 soli
306 1914 410 1979 menti
429 1913 521 1980 lucet
542 1937 628 2003 quae
653 1914 695 1980 de
713 1937 796 1981 vero
822 1912 988 1981 deliberat
1008 1912 1060 1978 vel
1084 1933 1201 1977 secum

128 2034 183 2101 vel
207 2036 319 2124 potius
343 2060 420 2104 cum
445 2038 511 2105 alio
532 2061 688 2127 quaeque
708 2038 742 2103 id
763 2037 895 2126 quaerit
920 2034 1109 2103 secundum
1129 2056 1201 2100 rec-

129 2168 197 2225 tam
218 2161 386 2227 rationem
412 2173 445 2229 et
461 2162 568 2229 multo
590 2163 744 2229 securius
765 2185 842 2229 cum
872 2161 1117 2229 interlocutore
1142 2181 1202 2247 per
1293 2207 1295 2210 ψ

129 2307 322 2352 sermonem
349 2312 357 2364 ;
386 2287 432 2353 ita
459 2298 493 2354 ut
517 2288 617 2354 unius
646 2288 700 2354 vel
725 2287 904 2353 amborum
937 2308 1059 2353 sensus
1089 2287 1201 2373 majus

128 2409 261 2498 pondus
292 2411 414 2477 babeat
435 2434 536 2501 quam
567 2413 752 2479 multorum
783 2412 985 2500 suffragium
1013 2410 1060 2476 nil
1088 2418 1202 2475 rectae

128 2535 271 2601 rationis
291 2539 500 2616 curantium,
514 2537 572 2603 sed
596 2537 705 2603 cuivis
722 2537 808 2603 falso
825 2536 956 2627 judicio
972 2558 1048 2602 cum
1076 2533 1201 2600 allecti·

128 2659 191 2725 bus
211 2661 413 2749 congruenti
436 2660 676 2729 obnoxiorum.

172 2784 307 2872 Alioqui
337 2785 511 2854 Socratem
541 2786 688 2875 aliquem
725 2785 823 2853 nobis
849 2784 986 2874 praebet
1011 2783 1107 2849 Plato
1133 2805 1200 2849 non

129 2908 238 2974 solum
251 2933 329 2975 cum
344 2911 504 2998 sophistis
518 2909 762 3000 disputantem,
773 2909 831 2976 sed
845 2909 886 2975 de
897 2907 1076 2998 disciplina
1088 2917 1119 2973 et
1134 2930 1201 2972 ma-

129 3033 245 3121 gistris
263 3034 319 3123 qui
335 3034 609 3102 adolescentibus
625 3017 833 3102 conveniant
852 3034 1092 3112 disserentem,
1109 3041 1141 3097 et
1161 3031 1202 3097 de

129 3163 171 3240 iis
187 3162 288 3228 rebus
304 3185 323 3228 a
339 3162 535 3251 parentibus
551 3163 585 3229 in
599 3162 779 3229 consilium
794 3162 1010 3240 advocatum,
1028 3170 1061 3227 et
1077 3161 1109 3225 in
1127 3159 1202 3225 aliis

128 3288 342 3376 dialogorum
369 3287 452 3354 locis
471 3290 590 3376 jocose
615 3297 647 3354 et
674 3292 846 3376 εἰρωνικῶς,
877 3287 909 3352 in
936 3286 1083 3353 Lachete
1112 3287 1201 3352 serio

130 3423 382 3480 asseverantem
398 3412 481 3478 nulli
497 3414 544 3478 rei
561 3413 670 3501 magis
686 3411 830 3478 libenter
841 3411 1110 3478 consumendam
1127 3433 1202 3476 esse

130 3537 308 3627 pecuniam
325 3558 426 3624 quam
446 3535 617 3625 parandae
636 3536 823 3602 doctrinae.
846 3537 894 3601 De
921 3535 1052 3601 delectu
1077 3534 1202 3622 magis-

130 3674 259 3730 trorum
274 3662 451 3728 consultus
467 3662 652 3751 discipulos
667 3663 811 3727 Damoni
830 3662 979 3728 musicae
997 3671 1029 3726 et
1045 3660 1202 3750 politicae

130 3787 238 3877 perito
260 3786 379 3865 mittit;
397 3786 542 3853 Prodico
554 3787 670 3866 etiam,
687 3786 763 3852 illos
785 3796 916 3852 tuntum
938 3785 1061 3873 quibus
1076 3785 1117 3850 ad
1133 3785 1202 3851 dia-

128 3913 284 3979 lecticam
297 3923 411 4000 aptum
434 3911 611 3999 ingenium
626 3936 693 3979 non
707 3922 757 3978 est
771 3911 843 3998 (sed
868 3911 898 3977 id
913 3913 946 3977 in
962 3912 1075 3999 aliquo
1094 3913 1202 4000 magis

130 4035 307 4102 Platonico
341 4058 441 4123 quam
473 4035 648 4103 Socratico
677 4034 839 4124 dialogo).
868 4038 944 4104 Uno
970 4035 1086 4115 verbo,⁴
1117 4045 1203 4102 teste

132 4161 205 4250 ipso
225 4159 381 4239 Platone,
404 4159 523 4226 foedus
539 4159 618 4226 facit
637 4183 716 4226 cum
734 4160 775 4226 iis
794 4160 850 4249 qui
867 4159 1080 4250 disciplinam
1103 4161 1203 4227 altius
