2804 4814
537 236 785 346 pm-

158 433 281 519 comll,
304 432 383 521 quia
404 432 628 520 quarumdam
654 434 867 522 voluptatum
893 431 1074 520 plerosque
1095 431 1233 521 pudeat,

158 581 222 624 neo
243 558 276 624 id
297 556 387 646 quod
408 557 519 624 solum
545 581 605 646 per
620 559 732 624 visum
754 568 787 624 ot
807 557 961 624 auditum
982 557 1126 624 delectet
1144 561 1190 647 (τὸ
1210 563 1235 627 δί

159 687 252 767 ἀκοῆς
267 713 299 752 τε
315 688 363 750 καὶ
378 690 474 768 ὅψεως
494 682 675 769 etQ-nisi
698 683 834 771 utrique
855 681 1019 770 voluptati
1041 683 1232 770 pervisum

161 806 358 872 auditumve
382 816 560 894 perceptae
588 806 779 873 communis
801 805 967 894 quaedam
990 816 1113 873 natura
1133 808 1235 874 inve-

160 931 297 1010 niatur,
331 954 374 996 ex
395 952 463 1018 qua
488 930 608 997 amhae
641 931 773 1022 pulchri
801 930 982 1020 participes
1009 930 1234 1000 efficiantur3.

161 1055 254 1122 Adeo
277 1065 312 1122 ut
325 1055 563 1123 tantummodo
585 1065 747 1144 negatum
763 1055 870 1123 luisse
886 1055 1042 1122 videatur
1055 1056 1236 1145 pulchrum

162 1203 237 1247 esse
263 1179 326 1246 hoc
346 1179 400 1246 vel
427 1179 522 1246 illud,
548 1181 708 1247 Attamen
731 1203 774 1246 ex
795 1181 858 1246 hac
878 1179 1124 1270 disceptatione
1150 1204 1257 1270 quae>

161 1305 197 1371 in
221 1303 343 1393 Hippia
369 1304 514 1392 geritur,
543 1304 582 1371 ad
605 1304 857 1395 conjiciendum
886 1307 957 1394 jam
990 1304 1169 1394 pulchrum
1196 1329 1238 1372 ex

162 1426 294 1494 duabus
314 1426 416 1494 rebus
441 1437 598 1494 constare
627 1428 675 1517 (in
696 1428 853 1497 eumdem
883 1429 1021 1497 modum
1047 1453 1086 1496 ac
1115 1440 1238 1497 natura

163 1551 312 1618 hominis
323 1551 449 1641 duplex
463 1562 527 1636 est)
537 1552 753 1632 deducimur,
767 1577 871 1642 quum
883 1553 1063 1643 pulchrum
1081 1554 1113 1621 id
1127 1556 1237 1645 ipsum

164 1677 358 1743 necessario
371 1677 413 1743 sit
425 1678 513 1766 quod
528 1678 715 1767 quamlibet
728 1701 800 1744 rem
813 1678 990 1768 pulchram
1002 1691 1102 1769 cogat
1118 1691 1150 1747 et
1162 1704 1238 1747 esse

163 1800 266 1867 talem
279 1810 312 1867 et
329 1801 434 1867 videri
446 1804 470 1868 ⁴.
484 1803 560 1869 Jam
573 1803 678 1890 igitur
690 1804 716 1869 si
734 1827 802 1870 non
820 1814 978 1871 naturam
995 1804 1104 1893 ipsam
1116 1814 1150 1871 et
1165 1828 1238 1872 cor-

146 1949 229 2016 ,pus
245 1926 377 2016 pulchri
398 1936 570 2006 tenemuS,
593 1927 696 2017 hujus
710 1929 807 2016 quasi
829 1929 940 2016 figura
957 1928 1009 1994 vel
1029 1928 1140 1995 lorma
1156 1929 1238 1997 deli-

164 2064 265 2119 nesta
281 2062 344 2118 est.

209 2179 319 2267 lpsam
349 2200 441 2245 nunc
470 2177 601 2266 pulchri
632 2188 790 2244 naturam
819 2176 1022 2244 adumbrare
1060 2160 1238 2268 aggredia-

164 2311 255 2382 mur,
279 2301 485 2391 requirendo
513 2302 612 2391 quale
641 2302 887 2392 spectaculum,
909 2303 1020 2391 qualis
1048 2304 1152 2371 facies
1176 2328 1237 2395 pro
1285 2339 1287 2342 ·

165 2428 277 2518 specie
304 2428 378 2517 ipsa
407 2427 539 2517 pulchri
574 2450 593 2493 a
623 2427 762 2495 Socrate
787 2437 820 2494 et
845 2427 986 2495 PlatOne
1015 2429 1130 2496 habita
1156 2432 1236 2498 sint.

164 2553 336 2620 Adeamus
349 2553 455 2642 igitur
472 2551 627 2640 dialogos
646 2552 722 2619 illos
733 2552 966 2619 verisimiliter
981 2563 1091 2621 aetate
1105 2565 1238 2622 antece-

164 2678 283 2744 dentes
308 2700 367 2744 eos
387 2677 421 2743 in
442 2676 566 2766 quihus
591 2677 771 2766 Sophistae
796 2677 1026 2758 lacessuntur,
1045 2680 1102 2767 qui
1124 2681 1237 2770 Lysis,

166 2802 366 2871 Charmides
383 2802 630 2886 inscribuntur,
647 2802 744 2890 (etin
762 2802 885 2890 quihus
902 2804 1050 2870 Socratis
1066 2827 1143 2871 cum
1160 2806 1239 2873 ado-

164 2928 371 2995 lescentibus
390 2927 445 2994 vel
467 2927 569 2994 etiam
592 2928 706 3017 pueris
729 2928 900 3016 colloquia
920 2929 955 2994 in
975 2930 1164 3019 gymnasiis
1181 2933 1237 2997 ha-

164 3053 234 3120 hita
254 3052 494 3144 effinguntur),
509 3051 667 3119 videlicet
687 3053 872 3141 imaginem
893 3052 1082 3121 relerentes
1102 3056 1239 3122 concin-

164 3200 287 3246 norum
304 3187 337 3245 et
353 3187 530 3245 acutorum
548 3200 747 3245 sermonum
763 3188 795 3244 et
809 3177 1077 3268 disputationum
1093 3203 1239 3269 quorum

156 3298 418 3371 'studiosissima
447 3301 510 3369 luit
537 3302 756 3368 Atheniensis
787 3306 963 3391 juventus.
998 3303 1045 3369 lbi
1082 3305 1240 3374 Socrates

166 3427 264 3495 nohis
287 3427 483 3517 depingitur
507 3450 574 3493 non
600 3428 794 3494 incuriosus
809 3427 1078 3495 adolescentium
1095 3429 1239 3510 formae,

166 3553 360 3642 aequalium
388 3563 421 3619 et
450 3552 664 3642 popularium
689 3575 830 3619 suorum
857 3553 1101 3632 more,horum
1126 3565 1240 3621 tamen

166 3678 342 3745 dissimilis
371 3678 406 3743 in
440 3701 480 3744 eo
508 3677 597 3766 quod
623 3677 670 3743 illi
699 3678 829 3744 formae
855 3678 1004 3745 intentus
1030 3689 1078 3745 est
1107 3688 1139 3746 et
1164 3683 1239 3770 ejus

198 3903 206 3938 ¹
224 3905 341 3968 Hippias
355 3906 450 3966 major,
461 3906 506 3953 297
524 3917 547 3953 e.

198 4001 208 4035 Ξ
225 4002 342 4066 Hippias
356 4004 452 4063 major,
467 4004 512 4050 298
525 4015 549 4050 a,

198 4098 210 4133 ³
226 4099 342 4164 Hippias
357 4103 453 4163 major,
468 4102 514 4147 300
524 4097 551 4148 b.

198 4197 209 4231 ⁴
227 4199 343 4262 Hippias
354 4201 450 4260 major,
466 4200 511 4247 294
527 4211 540 4247 c
558 4197 583 4246 d.
