2804 4814
598 254 818 333 ..μ’

137 421 288 488 dedisset
328 421 492 510 neglectis
521 422 672 511 'privatis
718 421 877 509 negotiis9
916 419 1072 508 neglecto
1110 420 1211 486 etiam

138 547 353 637 publicorum
385 546 555 613 honorum
590 546 737 624 ambitu,
760 545 871 612 solum
901 544 934 610 id
964 545 1074 634 ipsum
1097 546 1214 634 paucis

138 672 314 760 singulare
336 681 467 760 poterat
482 671 603 737 videri.
623 672 689 740 Sed
706 681 833 760 quanto
855 671 965 759 magis
987 670 1161 758 singulare
1182 681 1215 736 et

140 796 358 864 ambitiosum
381 797 437 876 sit,
466 797 668 886 sophistam,
690 795 723 862 id
752 806 803 862 est
827 796 1009 885 hospitem,
1036 795 1215 886 adportare

139 921 345 1011 hospitibus
381 921 609 1009 alienigenam
647 921 864 1009 alienigenis
897 920 1089 1000 scientiam,
1112 921 1215 987 virtu-

140 1058 230 1127 tem,
267 1048 335 1113 imo
367 1046 522 1136 politicas
564 1047 741 1113 scientiam
776 1055 808 1113 et
833 1046 992 1112 virtutem
1030 1045 1113 1134 (sed
1147 1069 1215 1112 non

141 1182 255 1238 tamen
282 1170 690 1250 Lacedaemoniis1‚n0n
725 1171 815 1237 enim
838 1170 992 1259 indigent
1025 1173 1090 1257 ea),
1120 1170 1216 1236 Plato

143 1305 330 1374 monstrat,
380 1294 516 1384 publica
556 1295 717 1384 opinione
760 1294 880 1361 fretus.
930 1295 1066 1375 Quanto
1107 1294 1217 1384 potior

143 1418 200 1485 illa
227 1417 393 1486 modestia
428 1429 501 1486 erat
530 1441 597 1508 qua
627 1419 785 1487 Socrates
818 1441 854 1484 se
886 1428 1035 1513 praestat
1075 1441 1143 1485 non
1181 1429 1218 1486 ut
1301 1502 1304 1507 ἱ

143 1544 307 1610 artificem
349 1553 382 1610 ot
422 1544 598 1612 doctorem
629 1543 791 1610 scientiae
830 1542 888 1608 sed
922 1553 956 1609 ut
980 1543 1091 1609 virum
1129 1543 1218 1610 bona

143 1669 319 1736 voluntate
340 1691 422 1756 erga
441 1668 584 1735 dilectos
604 1668 697 1734 cives
722 1677 944 1736 commotum.
968 1669 1007 1734 ln
1031 1668 1087 1733 illa
1109 1678 1218 1735 aetate

145 1815 247 1881 quam
264 1815 325 1881 pro
348 1814 468 1858 norma
488 1790 598 1857 adhuc
614 1790 779 1857 habemus
801 1814 840 1857 ac
863 1815 942 1858 vere
965 1819 979 1856 o
1002 1792 1176 1858 classicam
1202 1819 1216 1856 a

146 1917 379 2007 appellamuS,
411 1925 443 1982 et
481 1939 500 1982 a
534 1939 600 2004 qua
640 1916 749 1983 ideam
787 1915 936 1982 liberalis
967 1917 1053 1997 viri,
1095 1917 1220 1984 libera·

147 2042 230 2107 lium
272 2040 477 2120 studiorum,
505 2039 656 2106 liberalis
687 2040 797 2107 cultus
822 2041 1003 2120 traximus,
1027 2065 1096 2108 non
1121 2042 1220 2108 facile

148 2165 403 2255 intelligebatur
424 2165 596 2232 hominem
619 2165 711 2232 aliud
734 2165 856 2232 melius
883 2189 958 2233 esse
985 2189 1085 2256 posse
1118 2190 1220 2255 quam

147 2292 256 2358 civem
279 2290 452 2357 adomnia
472 2290 586 2357 civilia
602 2300 756 2379 paratum
775 2291 931 2357 elvirum
949 2314 991 2358 ex
1011 2292 1103 2358 omni
1126 2303 1220 2382 parte

148 2419 350 2509 perlectum,
372 2416 568 2506 cogitando,
585 2416 690 2483 rerba
714 2415 869 2483 faciendo
887 2427 920 2482 et
948 2417 1082 2505 agendo
1113 2441 1221 2506 aeque

147 2553 276 2632 aptum.
296 2543 452 2631 Optimus
473 2552 587 2607 autem
604 2542 692 2607 inter
708 2542 879 2631 sophistas
902 2544 950 2628 (et
970 2541 1135 2609 adversus
1161 2566 1220 2609 eos

147 2668 243 2735 Plato
264 2667 383 2735 foedus
406 2667 528 2734 fecisse
548 2666 684 2733 videtur
714 2689 791 2733 cum
820 2667 973 2755 populari
1009 2690 1092 2734 aura
1119 2669 1221 2734 etiam

147 2794 274 2884 iniqua)
293 2793 389 2882 quasi
406 2793 439 2858 in
459 2792 599 2881 scopulo
623 2792 792 2880 frangitur
820 2815 925 2880 quum
951 2792 979 2858 ei
1007 2793 1223 2882 responden-

148 2918 227 2986 dum
250 2928 300 2986 est
321 2919 443 3007 quovis
461 2919 694 3006 interrogante
723 2918 764 2983 de
793 2918 966 3006 proposito
983 2918 1037 2984 vel
1053 2918 1120 2985 fine
1141 2920 1223 2986 artis

150 3043 221 3109 sive
238 3043 401 3110 scientiae
422 3065 523 3131 quam
541 3042 664 3109 docere
685 3065 720 3108 se
741 3042 919 3132 profitetur
939 3052 972 3108 et
991 3042 1221 3110 deliniendum

150 3168 206 3257 qui
229 3169 273 3235 sit
289 3168 373 3257 ipse,
397 3166 476 3256 quid
497 3167 591 3246 velit,
614 3190 680 3255 quo
698 3166 818 3233 affectu
840 3166 881 3233 ad
901 3166 1090 3233 docendum
1109 3178 1224 3235 motus

150 3295 206 3373 sit,
233 3293 396 3360 scientiae
423 3315 540 3360 amore
568 3315 610 3357 an
642 3292 786 3358 utilitate
821 3315 895 3371 sua,
916 3333 958 3341 —
986 3315 1090 3380 quum
1130 3293 1158 3357 is
1193 3303 1226 3359 et

150 3417 292 3486 scientia
310 3420 384 3507 ejus
406 3418 549 3483 mixtum
568 3415 696 3505 aliquid
711 3417 775 3481 sint
795 3417 826 3481 in
845 3439 912 3505 quo
930 3416 1017 3481 male
1034 3439 1225 3503 congruen-

150 3542 197 3608 tia
223 3551 377 3632 pugnent
414 3541 493 3607 hinc
522 3540 672 3607 studium
709 3541 884 3607 doctrinae
914 3550 946 3606 et
973 3540 1160 3629 sapientiae
1185 3540 1226 3607 ad

151 3667 311 3733 virtutem
342 3665 555 3745 ducentium,
576 3665 670 3732 illinc
700 3666 853 3732 utilitatis
885 3689 966 3731 cura
1000 3675 1032 3731 et
1067 3689 1225 3754 praxeos,

152 3791 230 3857 hinc
258 3791 398 3870 veritas,
432 3791 526 3856 illinc
544 3790 645 3860 vbona
677 3791 735 3856 illa
762 3801 794 3856 et
833 3813 913 3878 opes
951 3813 1037 3878 quae
1074 3789 1228 3877 sophista

151 3915 327 4004 discipulis
348 3925 600 4004 separaturum
626 3939 701 3981 esse
729 3914 908 4004 pollicetur
929 3924 961 3979 et
982 3914 1043 3979 sibi
1066 3914 1128 4003 ipsi
1146 3937 1226 4002 pro-

184 4189 192 4224 ¹
212 4190 293 4252 Hipp.
309 4193 383 4250 maj.9
397 4192 470 4238 283c
