2804 4814
614 897 727 964 PARS
752 898 782 962 ll

606 1245 791 1321 ARTES

161 1607 258 1656 Brevis
266 1607 400 1669 repetitio.
414 1634 442 1643 -
456 1608 477 1654 t.
491 1605 578 1656 Homo
589 1608 616 1656 et
630 1608 745 1655 naturae
757 1619 808 1657 res.
823 1635 852 1643 -
867 1610 889 1655 2.
905 1608 986 1656 Artes
997 1605 1239 1660 utohlectamenta

192 1706 249 1766 otii,
266 1705 294 1754 et
308 1705 429 1765 luxuria3
445 1704 561 1754 litterae.
579 1731 606 1740 -
622 1708 644 1753 3.
657 1705 785 1755 imitatio.
799 1709 862 1754 -t
878 1704 1002 1755 Fabulae
1013 1707 1040 1755 el
1055 1705 1237 1756 mendacium.

192 1830 222 1840 -
236 1809 250 1854 5
276 1803 468 1852 Architectura
482 1816 515 1851 ac
529 1802 683 1866 hujusmodi
705 1806 788 1865 erice,
805 1806 832 1853 et
845 1803 879 1853 de
892 1803 1008 1868 pulchro
1024 1803 1144 1868 quodam
1157 1805 1238 1868 quasi

193 1893 223 1952 ἐν
237 1889 350 1966 στάσει;
370 1901 477 1949 Artium
494 1913 575 1949 verus
587 1900 658 1949 finis.
670 1928 701 1936 —
716 1901 859 1957 &Musica
873 1900 915 1950 vel
930 1913 1038 1950 summa
1051 1903 1150 1950 artium
1164 1903 1191 1951 et
1206 1901 1239 1952 da

192 2012 256 2049 vere
271 1999 394 2063 pulchro.
415 2028 442 2036 -
460 2005 482 2050 7.
501 2001 617 2050 immota
636 2003 705 2050 ratio
722 2002 840 2050 musicae
855 2002 882 2050 et
901 1999 991 2064 legum
1008 2003 1035 2051 et
1054 2000 1237 2065 relligionum.

192 2125 223 2134 -
234 2102 257 2146 8.
270 2097 463 2161 interpretatio
477 2101 504 2149 et
516 2099 682 2163 disputatio;
693 2101 789 2149 civitas
802 2113 873 2163 quae
888 2112 937 2148 nec
950 2101 1057 2149 crescat
1071 2113 1120 2149 nec
1131 2099 1238 2150 decres-

193 2200 244 2247 cat.
261 2225 292 2234 —
306 2203 329 2247 9.
344 2198 486 2249 Transitus
500 2212 516 2248 a
528 2201 634 2250 musica
647 2199 681 2248 ad
696 2201 839 2261 scientias;
855 2212 925 2263 pura
943 2198 1079 2262 quaedam
1093 2201 1163 2249 ratio
1177 2199 1239 2263 pul-

194 2296 250 2346 chri
269 2299 295 2347 et
319 2299 427 2346 artium.
448 2324 479 2333 -
496 2300 534 2347 lo.
560 2299 699 2348 Institutio
722 2301 748 2348 et
769 2300 876 2348 musica
899 2299 973 2347 totae
996 2311 1025 2348 se
1049 2300 1076 2347 in
1099 2298 1238 2362 politicam

195 2395 347 2444 conterunt.

209 2689 304 2739 Brevis
322 2690 457 2752 repetitio.
475 2710 519 2720 —
538 2671 635 2737 Illam
656 2671 808 2738 Platonis
831 2671 873 2738 de
894 2670 1026 2760 pulchri
1047 2670 1239 2738 doctrinam

164 2796 392 2887 explanando,
405 2800 477 2888 jam
494 2796 621 2884 aliquid
642 2796 805 2863 Politicae
826 2795 980 2885 ejusdem
996 2796 1236 2865 delibavimus.

164 2924 284 2991 Nonne
305 2923 396 2991 enim
427 2944 579 2990 amorem
605 2921 737 3010 pulchri
763 2921 891 2987 fontem
918 2944 993 2987 esse
1014 2921 1238 2987 honestorum

164 3058 339 3136 gestorum
368 3046 457 3136 apud
483 3047 620 3125 herous,
648 3047 818 3135 ingenuos
848 3047 954 3126 viros,
984 3047 1018 3112 in
1043 3046 1239 3114 civitatibus

164 3172 280 3238 liberis
303 3182 336 3238 et
356 3196 375 3238 a
391 3170 547 3237 barbarie
564 3171 713 3250 intactis,
730 3170 903 3237 vidimus?
922 3171 1110 3239 Pulchrum
1128 3172 1238 3261 ipsum

166 3319 301 3386 quoque
313 3297 509 3376 ,humanum
532 3295 691 3384 quiddam
711 3318 786 3362 esse
803 3296 1022 3384 agnovimus,
1039 3295 1079 3361 ab
1095 3297 1240 3365 honesto

165 3432 198 3489 et
210 3425 303 3512 justo
318 3444 386 3490 non
405 3423 611 3511 sejunctum.
630 3420 739 3488 Simul
753 3444 792 3486 ac
812 3420 853 3486 de
872 3419 1005 3510 pulchri
1025 3431 1161 3501 natura,
1182 3445 1240 3489 ne-

165 3544 1238 3635 cessariodehumunoanimali,idesl‚civili,praecipueugitnr3

166 3695 253 3762 quae
265 3694 331 3739 vox
346 3699 360 3735 α
372 3671 512 3738 humani
527 3698 540 3733 n
556 3680 591 3737 ut
603 3677 722 3739 nostro
735 3693 819 3736 aevo
832 3681 1064 3749 mansuetum,
1078 3694 1240 3760 aequum,

166 3798 345 3878 rationale,
367 3807 479 3877 sonat,
502 3806 574 3863 tum
599 3797 774 3886 politicum
797 3807 829 3864 et
856 3796 989 3885 legibus
1015 3807 1239 3886 temperatum

166 3921 321 3990 sonabat.
343 3963 386 3972 —
416 3921 547 3987 Dehinc
582 3943 660 3989 eum
693 3920 796 3988 linem
827 3943 927 4009 quem
960 3920 1022 3986 sihi
1049 3932 1243 4012 proponunt

168 4046 382 4137 philosophia
420 4045 574 4126 moralis,
609 4045 795 4125 Institutio,
835 4054 867 4112 et
905 4045 1060 4126 Politice,
1100 4047 1242 4128 scilicet,

168 4173 281 4262 legem
303 4171 374 4239 sive
391 4181 498 4240 artem
515 4181 547 4239 et
562 4181 720 4239 naturam
741 4169 960 4260 componere
978 4194 997 4239 u
1016 4172 1149 4251 ratione
1169 4172 1244 4262 pul·
