2804 4814
615 307 659 317 ..
683 269 792 335 30..

167 424 266 494 Plato
291 422 452 513 praeterit
485 430 518 488 et
544 421 687 512 despicit
711 445 770 490 eos
796 423 853 512 qui
884 422 1109 492 admiratione
1138 424 1241 492 defixi

166 557 303 638 stupent
319 548 353 614 in
374 547 495 637 opibus
515 555 573 613 aut
589 548 739 637 potentia
756 547 810 613 vel
836 548 961 637 injuste
982 550 1120 638 paratis.
1140 552 1186 618 Ut
1207 551 1242 617 in

166 672 381 763 philosophia
423 671 542 738 morali
578 674 635 762 jus
678 682 821 737 naturae
856 673 950 760 justo
994 672 1047 738 vel
1097 673 1242 740 honesto

165 799 314 887 subjicit,
354 807 385 893 et
419 796 677 884 ambiguitatem
717 796 817 862 simul
840 782 1032 864 'verborum
1072 821 1237 887 qnorum-

166 922 242 989 dam
265 923 432 1012 (κρείττων,
455 929 593 1005 βελτίων,
618 930 740 1010 ἄριστοι,
772 924 890 1009 φαῦλοι)
908 920 1059 1003 discutit,
1077 923 1123 989 ita
1147 923 1181 989 in
1202 946 1243 989 ea

164 1047 321 1116 doctriua
335 1046 377 1112 de
397 1045 539 1136 pulchro
560 1068 661 1135 quam
683 1069 700 1112 e
721 1045 856 1136 scriptis
879 1049 954 1136 ejus
970 1047 1093 1114 elicere
1123 1071 1243 1138 possn-
1282 1067 1285 1074 ’

167 1196 257 1262 mus,
281 1173 351 1239 vim
379 1181 411 1239 et
436 1171 647 1262 superiorem
671 1171 817 1260 gradum
842 1180 875 1238 et
895 1182 1038 1242 naturae
1059 1176 1117 1264 jus
1142 1176 1240 1263 quasi

165 1297 326 1366 obscurat
347 1295 600 1386 pulchritudine
621 1318 661 1362 ea
693 1296 937 1386 quaelegibus
962 1307 996 1365 et
1014 1306 1240 1384 ἐπιτηδεύμασιν

78 1399 79 1404 ¹
166 1423 255 1488 inest
282 1443 349 1488 non
380 1420 479 1487 aliter
508 1443 546 1486 ac
576 1421 893 1509 figuris,coloribns
921 1432 953 1490 et
980 1422 1074 1489 sonis
1098 1423 1239 1511 (etenim

164 1547 346 1638 pulchrum
365 1567 470 1612 unum
485 1555 518 1612 et
533 1545 677 1635 simplex
694 1555 745 1611 est
760 1547 798 1632 1).

210 1671 275 1741 Sed
297 1693 365 1738 non
382 1669 494 1737 verbis
512 1680 644 1736 tantum
662 1680 695 1736 et
710 1669 901 1737 rationibus
916 1669 1137 1760 redarguitur
1157 1671 1238 1738 illud

165 1796 353 1867 secundum
380 1808 537 1863 naturam
563 1796 744 1885 pulchrum
773 1795 914 1887 (inquo
946 1797 1028 1864 satis
1053 1796 1112 1863 diu
1142 1798 1239 1865 Plato

164 1932 395 1990 commoratus
412 1931 463 1987 est
483 1944 524 1986 ne
552 1922 712 2009 ignorare
737 1921 952 1988 incusaretur
967 1919 999 1986 id
1015 1919 1105 2010 qnod
1125 1921 1240 1989 redar-

164 2057 298 2138 gueret,
308 2056 341 2113 et
353 2058 389 2114 ut
401 2045 508 2136 spolia
520 2045 735 2134 opulentiora
745 2045 955 2138 triumphum
965 2045 1048 2136 justi
1061 2056 1093 2112 et
1104 2045 1238 2113 honesti

164 2171 398 2262 adornarent),
420 2169 479 2236 scd
506 2193 542 2236 re
563 2171 640 2235 viva
662 2180 695 2236 et
721 2179 845 2236 eventu
871 2179 904 2235 et
929 2169 1098 2259 exemplo,
1127 2170 1160 2236 id
1188 2182 1239 2238 est

164 2297 331 2386 aliquare
348 2317 424 2361 cum
443 2303 566 2362 natura
585 2303 743 2383 cognata.
769 2294 843 2360 Non
855 2302 988 2361 tantum
1009 2293 1076 2368 lex,
1093 2305 1152 2361 ant
1165 2298 1238 2386 jus-

161 2432 248 2505 tum,
271 2421 301 2487 id
331 2430 383 2487 est
409 2420 551 2487 forsitan
573 2441 668 2486 mera
694 2419 870 2508 cogitatio
886 2418 1067 2508 quaedam,
1092 2429 1237 2487 naturae

163 2547 360 2637 opponitur,
379 2544 437 2612 sed
453 2567 573 2612 revera
587 2544 670 2634 justi
690 2544 867 2610 morientis
887 2544 1002 2633 imago
1020 2553 1053 2610 et
1069 2546 1236 2612 memoria

160 2682 193 2740 et
208 2671 444 2739 testimoninm
466 2693 502 2737 se
521 2670 710 2760 profitentis
727 2669 913 2737 feliciorem
931 2693 1007 2736 esse
1024 2670 1065 2736 iis
1079 2670 1236 2759 aquibus

161 2782 345 2877 occiditur,
373 2796 507 2885 quoties
536 2819 555 2862 a
584 2796 726 2862 Platone
746 2795 913 2862 excitata!
944 2794 1026 2861 lude
1054 2795 1234 2885 pulchrum

161 2922 252 2989 aliud
274 2923 382 2989 oritur
405 2931 438 2988 et
461 2922 495 2987 in
511 2901 779 3000 lum'en'crescit,
798 2942 864 2986 non
883 2918 965 2986 illud
986 2943 1062 2987 cum
1081 2921 1236 3012 volupta-

160 3046 251 3114 tibus
272 3047 425 3135 corporis
450 3055 649 3135 cognatum,
677 3044 733 3110 sed
757 3044 936 3134 pulchrum
958 3043 1145 3112 secundum
1164 3047 1235 3112 ani-

162 3194 268 3238 mum.
296 3169 422 3237 Eadem
449 3169 519 3236 fere
541 3170 673 3236 ratione
694 3168 904 3258 temporibus
929 3170 1056 3237 nostris
1073 3171 1235 3237 Ronanus

161 3298 195 3362 iu
221 3295 437 3362 antechristo
453 3296 591 3385 conjicit
615 3305 685 3361 tum
707 3295 854 3383 primum
879 3295 1050 3364 inventum
1077 3295 1189 3362 fuisse·
1204 3306 1236 3363 et

161 3422 303 3488 forsitan
338 3443 357 3486 a
388 3421 523 3487 Nerone
556 3419 745 3486 divinatum
772 3420 951 3508 pulchrum
980 3421 1062 3488 illud
1092 3421 1235 3511 paganis

162 3546 352 3613 inauditum
381 3548 471 3635 quod
506 3545 662 3612 muliebri
701 3545 884 3634 pudicitiae
923 3558 955 3614 et
987 3548 1235 3615 sanctimoniae

161 3673 263 3751 inest,
281 3681 312 3737 et
336 3694 354 3737 a
378 3693 445 3759 qno
466 3670 570 3736 veluti
588 3669 680 3737 fonte
701 3671 939 3760 profluxerunt
960 3671 992 3737 in
1017 3670 1128 3737 medio
1149 3695 1234 3740 aevo

161 3798 284 3865 artium
302 3797 568 3874 incantamenta,
585 3818 689 3884 quum
711 3795 858 3864 nudatae
879 3797 1028 3886 virgines
1044 3796 1235 3885 relligionis

160 3945 264 3990 causa
280 3921 531 4011 ferisiobjectae
548 3921 664 3986 sintin
682 3921 785 3988 circo.

191 4191 200 4225 ¹
217 4192 311 4253 Gonu,
327 4194 372 4239 tto
383 4205 399 4240 a
412 4195 439 4240 ot
454 4205 511 4254 seq.
