2804 4814
654 277 828 342 ,46-

203 429 408 498 conditionis
425 453 500 496 esse
531 439 563 496 et
584 431 685 498 simul
717 432 903 499 intellectui
930 432 1131 520 cognatiora
1155 442 1280 519 quanto

204 556 343 646 puriora
354 555 495 640 sint).—
506 556 580 622 Non
593 555 692 622 aliter
702 556 742 622 do
754 556 1079 646 disciplinavirtutis
1092 578 1198 645 quum
1212 556 1281 645 agi-

204 680 375 757 tur‚Plato
387 679 533 767 primum
547 679 581 745 in
591 679 693 746 dubio
703 682 959 770 ponitvirtusne
971 680 1024 747 vel
1034 680 1137 747 etiam
1147 681 1281 770 sapien-

204 805 249 870 tia
266 802 378 871 doceri
393 804 518 892 possit¹
537 813 570 870 et
585 804 687 871 simul
707 829 780 871 eam
795 806 999 873 sententiam
1021 805 1150 895 profert
1165 828 1282 873 neces-

205 928 328 994 sariam
347 927 439 993 illam
457 928 490 993 in
508 929 649 1018 privatis
667 930 738 996 sive
753 929 897 1019 publicis
915 930 1060 1018 negotiis
1077 928 1281 1019 sapientiam

204 1053 288 1118 nihil
309 1053 400 1118 aliud
417 1075 492 1119 esse
508 1075 609 1142 posse
630 1076 669 1120 ac
689 1054 866 1121 fortuitum
889 1064 922 1120 et
940 1053 1095 1120 divinum
1111 1053 1279 1132 donum2,

206 1219 246 1231 -
260 1178 383 1244 deinde
397 1200 468 1244 rem
486 1172 622 1269 expedit
635 1178 811 1269 probando
824 1197 925 1269 posse
941 1179 1158 1268 sapientiam,
1174 1178 1284 1245 sinon

206 1303 334 1388 doceri,
350 1304 470 1370 saltem
498 1305 722 1394 expergefieri
748 1305 1088 1394 interrogationibus,
1107 1314 1236 1394 utpote·
1250 1305 1285 1370 in

208 1430 300 1496 omni
321 1429 494 1496 intellectu
515 1429 702 1498 innatam3.
725 1430 773 1496 lhi
799 1453 937 1518 quoquc
962 1430 1067 1518 igitur
1096 1429 1283 1494 humanam

207 1567 365 1623 naturam
385 1556 581 1623 universam
607 1566 746 1645 spectat,
766 1555 945 1623 discedens
966 1579 985 1621 a
1005 1565 1162 1644 respectu
1181 1555 1286 1644 hujus

206 1692 264 1761 aut
284 1682 388 1748 illius.

250 1810 289 1873 Et
305 1806 441 1896 quidem
463 1806 650 1895 sapientiae
666 1829 776 1895 genus
804 1816 837 1872 et
866 1807 1000 1896 pulchri
1023 1807 1180 1896 proxima
1206 1776 1285 1872 esse

207 1932 446 2021 cognovimus.
471 1933 650 2000 Summum
667 1932 847 2022 pulchrum
871 1932 960 1998 idem
984 1942 1034 1998 est
1062 1954 1100 1997 ac
1116 1957 1131 1994 u
1163 1954 1289 1998 revera

207 2059 358 2126 existens
381 2085 395 2120 n
415 2058 487 2124 sive
505 2058 643 2137 veritas,
660 2057 714 2124 vel
743 2057 884 2125 honum.
915 2057 1109 2126 Secundum
1139 2057 1289 2145 gradum

207 2184 338 2274 pulchri
360 2194 477 2250 tenent
494 2183 630 2249 animus
649 2193 797 2263 creatus
820 2183 967 2263 caelum,
989 2206 1098 2272 genus
1127 2181 1288 2266 deorum,

209 2332 319 2397 genus
349 2309 527 2375 hominum
556 2309 613 2397 qui
649 2308 694 2374 ita
724 2308 897 2375 informati
938 2318 1018 2374 sunt
1048 2317 1084 2373 ut
1118 2307 1288 2374 mundum

209 2434 305 2523 quasi
324 2435 358 2500 in
382 2433 475 2499 brevi
498 2433 623 2500 tabella
644 2433 807 2512 referant,
831 2444 935 2522 utque
956 2435 1177 2522 conjunctum
1207 2456 1287 2500 cum

209 2559 323 2625 animo
343 2581 467 2648 corpus
483 2581 627 2647 parvum
644 2557 810 2624 mundum
827 2557 988 2648 praebeat
1012 2558 1045 2623 in
1072 2580 1139 2646 quo
1170 2559 1291 2625 omnia

209 2682 250 2749 ab
267 2683 440 2750 intellectu
457 2660 622 2749 instructa
638 2683 825 2750 intellectui
838 2683 1040 2762 inserviant,
1051 2691 1155 2770 utque
1171 2682 1205 2747 in
1223 2673 1291 2750 hoc

209 2812 273 2897 ζῴῳ
291 2809 470 2898 pulchrum
487 2809 617 2874 oriatur
628 2831 669 2875 ex
684 2818 852 2875 concentu
864 2809 969 2875 animi
982 2830 1017 2874 se
1033 2783 1290 2896 ipsum'verten-

209 2935 251 3004 tis
268 2945 301 3000 et
314 2935 470 3001 caelestis
483 2934 600 3000 mundi
613 2934 654 3000 ad
667 2957 791 3024 corpus
806 2958 942 3024 quoque
955 2933 1037 2999 illud
1050 2932 1139 3022 quod
1152 2933 1291 3001 animus

213 3061 302 3148 regit
323 3059 500 3126 attinente.
519 3060 707 3152 Praecipua
727 3060 828 3126 etiam
844 3069 1008 3126 venustas
1031 3081 1148 3126 earum
1171 3080 1290 3125 rerum

212 3208 299 3274 quae
315 3184 378 3251 sub
399 3208 521 3251 sensus
544 3183 682 3265 cadunt,
700 3185 845 3273 figurae,
863 3185 1001 3264 coloris,
1014 3205 1191 3268 sonorum,
1219 3206 1289 3250 non

210 3320 321 3398 potest
341 3311 422 3376 oriri
450 3311 515 3376 nisi
547 3333 566 3375 a
589 3310 647 3377 tali
675 3333 839 3401 compage
863 3310 1040 3399 cujusdam
1066 3309 1219 3398 corporis
1247 3309 1291 3375 ab

211 3436 387 3502 intellectu
405 3434 446 3501 ad
467 3435 676 3501 intellectum
704 3436 819 3524 aptati.
843 3436 982 3502 Homini
1011 3444 1125 3501 autem
1152 3434 1186 3499 in
1215 3433 1291 3522 pul-

212 3561 294 3627 chro
324 3583 444 3627 norma
469 3570 520 3627 est
546 3583 587 3626 ex
612 3583 677 3648 qua
707 3560 806 3627 discit
832 3560 913 3627 felix
943 3571 976 3628 et
1005 3559 1174 3651 perlectus
1197 3581 1288 3638 esse,

215 3709 319 3774 quum
352 3685 542 3775 cupidines,
574 3686 823 3772 contentiones,
843 3687 954 3753 taedia
982 3688 1085 3764 vitae,
1117 3693 1289 3751 commota

247 4013 253 4043 ¹
272 4011 384 4072 Protag.

244 4110 255 4142 “²
272 4109 361 4169 Meno,
376 4112 406 4156 99
421 4107 448 4162 b.

245 4206 256 4240 ³
272 4206 359 4257 Meno.
