2804 4814
584 267 787 351 '-m-

161 452 194 509 et
210 442 244 507 in
261 439 410 508 exordiis
424 449 556 506 tantum
573 439 720 505 civitatis
734 439 785 504 vel
801 439 902 505 etiam
919 436 1237 528 juvenum‘instituss

160 565 264 631 tionis
278 564 356 632 dolo
376 575 409 631 et
425 563 611 630 mendaciis
628 563 835 630 salutaribus
851 562 1015 630 utendum
1038 586 1113 630 esse
1129 564 1238 631 intem

160 690 220 770 dit,
243 690 400 756 videlicet
417 689 525 756 donec
554 689 651 754 navis
677 696 727 767 (ut
748 689 793 755 ita
817 688 942 779 dicam)
963 689 1073 777 plenis
1096 688 1181 755 velis
1202 691 1236 755 in

160 815 266 881 altum
284 815 433 892 leuatum
456 812 645 901 etquidem
668 790 757 901 quod
779 813 993 879 mendacium
1017 825 1117 880 vocat
1137 837 1238 903 saepe

159 949 291 1007 tantum
309 962 369 1029 pru
386 941 497 1028 figura
517 939 622 1028 accipi
639 948 761 1028 potest.

205 1067 344 1131 Necnon
377 1063 465 1130 inter
496 1062 625 1150 ligures
647 1063 700 1129 vel
730 1062 985 1156 similitudines,
1011 1064 1064 1130 vel
1103 1064 1238 1154 mythos

163 1189 286 1278 quibus
309 1212 371 1256 sua
396 1188 545 1276 cogitata
566 1188 663 1253 Pla'tu
689 1197 850 1276 εἰρωνικῶς
874 1188 977 1254 simul
1000 1188 1183 1256 obumbrat
1206 1200 1239 1257 et

161 1314 319 1392 recludit,
338 1311 599 1379 memorandum
616 1323 667 1379 est
684 1313 821 1400 quoque
833 1313 936 1379 verba
954 1313 1012 1380 illa
1027 1313 1095 1381 duc
1116 1337 1238 1381 sensus

162 1437 392 1527 'significantia
415 1459 562 1526 quorum
586 1436 807 1525 ambiguitate
830 1438 938 1526 decipi
965 1462 1001 1505 se
1031 1440 1169 1506 simulat
1188 1444 1239 1526 (ut

161 1564 320 1647 videtur),
334 1573 454 1663 etuna
470 1563 589 1630 nititur
600 1563 704 1629 veluti
721 1564 753 1629 vi
769 1563 914 1652 quadam
932 1565 1102 1632 sermonis
1117 1565 1237 1657 (λόγου)
1336 1566 1356 1618 f

161 1689 241 1756 dum
263 1711 300 1755 se
322 1688 408 1755 tollit
437 1687 476 1754 ad
504 1688 589 1754 altas
616 1687 779 1776 quasdam
802 1689 1001 1756 sententias.
1025 1691 1074 1756 lta
1100 1690 1236 1765 menda·

161 1814 252 1880 cium
276 1813 420 1891 licitum,
442 1811 496 1878 vel
516 1835 599 1890 non,
619 1822 782 1892 tractam,
802 1812 905 1879 verba
921 1820 1089 1900 ψεύδεσθαι,
1116 1825 1236 1901 ψεῦδος,

161 1941 301 2024 pentae&
323 1938 356 2003 in
381 1937 467 2004 duos
499 1960 621 2004 sensus
653 1938 807 2027 accipere
830 1937 965 2006 videtur
994 1962 1099 2027 quum
1130 1963 1171 2006 ex
1197 1941 1238 2007 iis
1338 1993 1340 1998 .

164 2062 277 2129 verbis
297 2062 440 2151 intelligi
466 2063 684 2151 possit'ermr
700 2073 733 2128 et
759 2063 861 2152 liujus
882 2064 939 2152 qui
961 2087 997 2130 se
1018 2065 1128 2154 ipsum
1151 2065 1236 2132 fallit

162 2198 196 2254 et
215 2188 308 2254 illius
331 2188 387 2276 'qui
406 2187 446 2254 ab
470 2187 584 2276 aliquo
610 2188 749 2254 fallitur.
776 2190 823 2255 lta
845 2190 946 2254 etiam
969 2213 1074 2278 quum
1103 2190 1235 2280 pulchri

163 2320 340 2379 amorem2
360 2310 455 2378 illum
471 2312 564 2378 omni
587 2312 718 2378 musica
740 2313 924 2380 excitatum
953 2323 986 2379 et
1010 2315 1178 2380 nutritum
1200 2325 1236 2380 ut

163 2437 265 2503 linem
287 2446 320 2502 et
336 2436 510 2524 fastigium
528 2436 636 2525 ipsius
658 2437 807 2503 musicae
830 2438 936 2526 ponit,
954 2438 983 2503 is
1008 2460 1105 2505 amur
1134 2439 1236 2505 simul

163 2559 406 2648 intelligendus
427 2570 532 2627 estut
557 2560 689 2650 pulchri
711 2562 818 2650 ipsius
841 2562 1013 2629 studium3
1033 2573 1066 2629 et
1081 2573 1117 2630 ut
1141 2586 1238 2630 amor

164 2686 326 2775 pulchrae
361 2684 458 2752 faciei
486 2686 631 2776 alicujus
661 2709 737 2752 cum
765 2687 917 2776 pulchris
949 2689 1053 2754 animi
1083 2689 1237 2756 muribus

163 2812 416 2901 conjunctae⁴3
450 2832 536 2898 quae
564 2809 770 2897 ambiguitas
800 2821 837 2877 ut
865 2813 981 2901 magni
1008 2815 1170 2880 momenti
1202 2815 1235 2880 in

163 3058 260 3131 οὕτως,
280 3061 363 3139 ἕχον,
390 3058 430 3130 ὡς
455 3057 503 3119 καὶ
529 3067 579 3118 νῦν
606 3056 677 3120 αὐτδ
698 3054 811 3140 ᾕρηχ’ἶν
836 3059 928 3140 λόγος
952 3064 1030 3141 ἔχειν
1055 3059 1113 3141 (τδν
1139 3063 1237 3124 ἄδικον

164 3166 224 3240 βίον
240 3161 416 3244 ἀηδέστερον
439 3173 489 3225 τοῦ
510 3165 620 3225 δικαίου
643 3159 742 3242 εἶναι),
760 3167 843 3245 εἴπερ
870 3191 897 3227 τι
913 3167 961 3228 καὶ
980 3168 1057 3228 ἄλλο
1074 3147 1255 3246 ἐτόλμησεν.

163 3271 196 3332 ἂν
217 3274 253 3331 ἐπ
262 3265 372 3351 ’ἀγαθῷ
388 3271 544 3349 ψεύδεσθαι
558 3275 633 3352 πρδς
649 3272 718 3344 τοὺς
739 3275 836 3347 νέους,
855 3275 929 3334 ’ἐστιν
946 3272 990 3335 ὅτι
1008 3277 1111 3336 τούτου
1132 3257 1238 3354 ψεῦδος

162 3379 403 3465 λυσιτελέςτερον
429 3377 462 3438 ἂν
484 3378 626 3455 ἐψεύσατο
653 3400 724 3439 ποτε
749 3377 797 3439 καὶ
821 3378 981 3456 δυνάμενον
1007 3381 1122 3457 μᾶλλον
1144 3393 1238 3444 ποιεῖν

165 3485 203 3561 μὴ
220 3484 267 3568 βίᾳ
284 3479 480 3556 alseatina
495 3481 589 3545 πάντα
605 3480 641 3545 τὰ
661 3485 767 3545 δίκαια.
790 3494 862 3557 Leg.,
881 3496 916 3557 11,
927 3499 973 3544 663
988 3495 1013 3544 d.

194 3592 203 3625 ¹
219 3592 311 3654 Hesp,
329 3592 362 3651 ΙΙ,
377 3593 421 3640 382
432 3604 457 3640 a.

195 3691 316 3752 anesp„
332 3690 380 3751 111,
396 3693 442 3737 403
455 3702 478 3738 c.
496 3680 541 3739 δεῖ
561 3680 592 3740 δέ
616 3702 672 3740 που
699 3680 840 3740 τελευτᾶν
867 3675 903 3740 τὰ
924 3676 1047 3756 μουσικὰ
1067 3683 1110 3754 εἰς
1130 3678 1165 3742 τὰ
1189 3693 1239 3743 τοῦ

164 3787 257 3846 καλοῦ
277 3784 416 3866 ἐρωτικά.

195 3902 206 3936 ³
223 3904 315 3966 Resp,
328 3903 376 3964 ΙΙΙ,
387 3905 432 3951 401
444 3915 466 3951 c.
486 3891 572 3965 εὐθὺς
584 3895 618 3953 ἐκ
630 3893 740 3953 παίδων
755 3891 885 3975 λανθάνῃ
898 3888 1011 3974 (ὥσπερ
1027 3895 1103 3975 αὔρα
1115 3898 1241 3977 φέρουσα

165 3995 222 4059 ἀπὸ
248 4001 385 4080 χρηστῶν
416 3997 513 4060 τόπων
537 3993 662 4079 ὑγίειαν)
688 4002 732 4072 εἰς
757 3998 914 4076 ὁμοιότητα
938 4023 970 4060 τε
997 4000 1045 4061 καὶ
1072 4003 1167 4080 φιλίαν
1193 4003 1242 4063 καὶ

166 4102 332 4185 ξυμφωνίαν
350 4109 391 4186 τῷ
411 4106 495 4185 καλῷ
510 4105 593 4186 λόγῳ
609 4106 732 4186 ἄγουσα.

197 4213 207 4245 ⁴
226 4212 470 4276 Resp.‚111‚402d.
