2804 4814
308 435 398 532 llll
427 423 489 519 SIT
518 432 698 519 tttttlttl
725 434 818 517 llll
846 430 1041 517 lllltlttll

135 654 204 776 m
231 654 475 778 ruituro
505 654 680 783 llum
705 651 957 776 inunum
985 649 1211 774 lulium

197 906 240 974 ET
262 905 417 979 QUOMODO
438 907 484 974 ΕΑ
508 905 578 974 CUM
601 905 754 974 POLITIOA
776 904 927 974 EIUSDEM
951 903 1151 974 OOHAEREAT

630 1295 646 1327 «
659 1268 703 1332 Ὢ
715 1275 827 1355 dipteron
835 1278 892 1336 τῶν
905 1272 1008 1351 ξένων,
1021 1279 1110 1352 ἡμεῖς
1125 1277 1212 1352 ἐσμὲν

672 1364 840 1444 τραγῳδίας
875 1361 957 1424 αὐτοὶ
990 1362 1107 1440 ποιηταὶ
1139 1360 1213 1425 κατὰ

673 1453 794 1529 δύναμιν
821 1451 864 1513 ’ότι
890 1453 1054 1529 καλλίστης
1079 1447 1139 1528 ἅμα
1165 1452 1214 1514 καὶ

674 1537 807 1622 ἀρίστης.
833 1562 848 1594 n

920 1623 994 1675 (teg,
1008 1623 1058 1676 vn,
1071 1622 1111 1665 etr
1121 1623 1155 1674 o.)

505 1870 848 1944 PRAEPARATIO

141 2115 180 2164 Ex
194 2117 252 2165 vita
268 2117 295 2165 et
310 2127 429 2178 persona
443 2113 576 2175 Socratis,
595 2113 692 2178 quales
704 2116 731 2163 in
750 2112 873 2176 Dialogts
888 2110 1063 2176 effinguntur,
1077 2113 1216 2176 colligitur

171 2210 1214 2276 ioeamemmmrwmmmmmmsmmmbmvmmsmmqw

171 2312 366 2375 professorium
380 2309 567 2374 sophistarum
585 2323 684 2359 munus
702 2324 756 2359 non
773 2307 950 2373 congruebat.

185 2521 342 2585 Socrates
364 2516 572 2606 disceptator
603 2516 710 2582 fuisse
732 2517 866 2583 videtur
891 2538 1062 2606 quemque
1089 2516 1216 2584 docens

141 2643 289 2731 cogitata
305 2652 397 2709 recta
417 2641 549 2708 ratione
569 2641 738 2708 deducere
752 2652 785 2708 et
804 2641 976 2721 ordinare,
992 2641 1076 2707 civis
1090 2639 1215 2723 bonus,

142 2768 299 2835 videlicet
319 2745 439 2857 parum
460 2766 579 2856 legens
604 2777 640 2833 ut
661 2777 738 2856 pote
761 2767 845 2833 nibil
861 2765 1028 2846 scribens
1049 2766 1217 2857 sophista-

142 2917 217 2960 rum
233 2893 422 2983 disciplinis
439 2892 580 2958 minime
601 2892 727 2959 tinctus
745 2902 780 2958 ut
801 2892 858 2981 qui
879 2890 1032 2982 publicas
1052 2891 1217 2958 lectiones

142 3041 259 3086 eorum
285 3028 416 3084 tantum
447 3016 654 3096 audivisset,
694 3040 760 3083 non
794 3017 998 3095 esotericas,
1031 3015 1104 3082 urbi
1135 3039 1217 3083 suae

144 3144 290 3210 maxime
314 3143 471 3210 devotus.
506 3141 659 3208 Platonis
684 3142 798 3207 minus
819 3140 992 3231 popularis
1013 3141 1095 3221 vita,
1117 3141 1218 3208 modo
1246 3165 1249 3172 ’

144 3255 380 3336 umbratilibus
415 3266 553 3350 studiis,
580 3266 679 3333 modo
708 3265 887 3332 itineribus
920 3264 1051 3346 dedita3
1086 3289 1219 3333 necnon

143 3405 256 3461 tamen
289 3394 315 3459 is
340 3392 474 3482 publice
496 3390 619 3480 agendi
641 3390 784 3480 cupidus
810 3391 889 3474 luit,
912 3390 971 3457 sed
991 3414 1059 3458 non
1082 3392 1114 3457 in
1138 3390 1220 3457 urbe

140 3540 219 3614 sua,
251 3517 333 3583 loris
361 3516 485 3606 potius.
513 3515 661 3582 Fortiter
688 3515 855 3603 impressa
877 3515 989 3603 imago
1015 3515 1164 3581 Socratis
1186 3515 1219 3579 in

141 3641 286 3731 juvenili
322 3643 397 3730 ejus
432 3639 534 3706 corde
567 3639 692 3706 ibidem
727 3641 862 3720 crescit,
885 3639 987 3707 alitur
1021 3650 1053 3706 et
1077 3650 1223 3728 augetur

145 3767 263 3833 eadem
287 3766 416 3832 ratione
439 3788 477 3831 ac
498 3787 676 3831 sermones
703 3765 751 3831 illi
776 3765 930 3831 viventes
958 3774 990 3831 et
1016 3766 1155 3831 animati
1182 3742 1223 3831 de

146 3891 269 3982 quibus
299 3891 332 3956 in
360 3889 516 3956 Phaedro
544 3889 737 3969 disseritur,
759 3891 792 3955 in
817 3900 930 3955 ruente
953 3913 1055 3979 quam
1076 3889 1224 3979 philoso-

146 4017 225 4106 phia
236 4025 480 4106 praegnantem
494 4013 575 4080 facit
587 4015 704 4103 scripti
719 4014 771 4080 vel
786 4015 898 4104 potius
915 4015 979 4081 sati
989 4020 1012 4081 ¹.
1026 4017 1225 4103 Praegnans

177 4225 186 4259 ¹
205 4224 357 4297 Phaedrus
375 4227 421 4272 276
436 4237 461 4273 a.
