2804 4814
583 277 759 344 ‚29-

132 431 281 500 libertati
309 440 343 498 et
364 431 496 520 procaci
525 431 640 498 animo
661 453 779 499 eorum
806 430 903 519 quasi
925 430 1101 519 indulgeat
1123 432 1210 499 ut'si

134 558 246 624 forent
263 555 404 646 juniora
419 555 580 622 animalia
601 557 725 645 integri
748 555 927 644 sanguinis
944 555 1022 622 lusu
1041 557 1209 623 tentantia

134 683 226 748 vires
247 704 328 748 suas
348 708 361 742 a
379 680 489 769 quoad
507 681 640 771 possint
655 680 747 748 abuti
767 707 795 746 ».
810 682 905 760 Quae
925 680 966 745 ab
987 680 1027 746 iis
1043 679 1210 770 objiciun-

133 817 189 874 tur
209 807 278 873 vim
301 827 397 872 suam
424 804 511 894 apud
529 806 705 872 Platonem
731 806 899 894 integram
921 804 1061 884 habent,
1078 804 1206 872 nedum

134 931 282 1000 consilio
302 931 501 997 minuantur
522 953 541 996 a
561 931 704 998 Platone
724 940 761 997 ut
781 930 922 997 alteram
944 939 1074 1020 partem
1094 929 1210 996 defen-

134 1056 248 1123 dente.
260 1053 387 1122 Credas
398 1055 652 1122 contentionem
666 1055 756 1121 illam
770 1055 877 1145 ipsam
892 1077 979 1143 quae
991 1055 1079 1121 inter
1090 1055 1211 1123 Socra—

135 1190 258 1248 temet
279 1183 426 1270 juvenes
451 1178 527 1246 illos
549 1202 650 1270 supra
672 1179 780 1246 dictos
803 1179 891 1268 apud
917 1179 1092 1246 Platonem
1114 1202 1211 1246 exer·

132 1315 263 1384 ceatur,
276 1306 310 1370 in
325 1314 438 1371 mente
454 1305 606 1372 Platonis
620 1314 652 1371 et
664 1305 784 1371 intimo
796 1308 872 1395 ejus
884 1305 1046 1393 agitatam
1059 1328 1210 1393 quoque,

135 1429 288 1497 nondum
314 1428 517 1518 diremptam
545 1428 651 1495 fuisse
677 1438 710 1495 et
739 1427 951 1517 aliquamdiu
981 1428 1015 1495 in
1048 1428 1211 1517 ambiguo

135 1554 294 1634 stetisse3
321 1551 405 1619 adeo
426 1553 455 1618 ei
486 1575 588 1619 curae
612 1551 747 1620 videtur
772 1576 847 1620 esse
877 1552 994 1619 ambas
1025 1554 1211 1620 sententias
1304 1595 1309 1602 ·

135 1678 276 1769 pariter,
292 1701 355 1744 nec
369 1677 489 1757 semel,
511 1677 696 1758 illustrare,
724 1678 818 1745 velut
849 1678 875 1744 si
905 1676 973 1745 duo
998 1678 1069 1744 veri
1096 1679 1211 1746 vultus

137 1804 260 1871 forent.
284 1803 385 1872 Certe
405 1825 507 1869 nemo
525 1802 750 1893 philosophus
775 1803 980 1869 sententiam
1012 1803 1119 1884 illam,
1138 1807 1210 1894 jus-

135 1938 208 1996 tum
224 1938 257 1994 et
272 1928 438 2017 injustum
456 1950 563 1993 vanas
577 1927 746 2015 imagines
763 1951 838 1993 esse
855 1951 922 2016 qua
941 1927 1085 1994 libenter
1104 1928 1211 1994 ballu-
1306 2013 1310 2020 Ι

135 2055 294 2121 cinentur
307 2053 432 2119 intirmi
450 2061 483 2119 et
499 2052 659 2120 imbecilli
676 2055 715 2139 (ct
732 2055 849 2140 φαύλοι)
864 2061 958 2120 tanta
974 2053 1005 2119 vi
1021 2051 1171 2119 defendit
1184 2055 1210 2132 ¹,

136 2178 291 2245 eamdem
308 2178 391 2244 alias
409 2186 527 2266 postea
542 2175 812 2266 depugnaturus.

180 2304 286 2371 Porro
307 2313 437 2369 certum
454 2311 519 2381 est,
540 2324 645 2390 quum
664 2301 858 2390 ambigatur
872 2300 914 2366 de
927 2303 1035 2391 justo,
1058 2301 1089 2367 id
1106 2312 1158 2368 est
1170 2302 1211 2369 de
1268 2286 1272 2291 .

136 2427 238 2508 bono,
255 2428 313 2494 illo
326 2428 398 2517 ipso
414 2426 456 2494 de
473 2427 616 2516 pulchro
633 2427 735 2493 etiam
753 2426 893 2514 ambigi,
913 2449 1017 2515 quum
1041 2427 1108 2493 sint
1132 2451 1212 2494 con-

132 2558 263 2644 juncta.
296 2553 473 2634 Quatenus
502 2573 586 2640 ergo
614 2574 656 2618 ex
684 2551 789 2617 variis
823 2550 1000 2617 bominum
1033 2537 1226 2618 sententiis

137 2679 232 2744 Plato
253 2676 390 2765 collegit
412 2674 700 2765 quid'putandum
723 2676 766 2741 sit
783 2674 824 2741 de
854 2676 1009 2764 pulchro,
1031 2676 1211 2765 pulchrum

137 2804 165 2870 ei
196 2802 344 2892 primum
370 2824 445 2868 sese
474 2800 706 2866 verisimiliter
733 2799 855 2866 obtulit
883 2810 918 2866 ut
947 2824 1025 2867 cum
1051 2801 1212 2890 opinione

136 2925 306 3015 potentiae
323 2927 560 3014 conjunctum,
577 2946 653 2990 oum
666 2909 791 2990 virinni
814 2923 976 3012 pondere,
996 2896 1073 2990 cum
1093 2924 1213 2991 nobili-

138 3051 215 3116 tatis
234 3049 414 3139 splendore
436 3059 493 3115 aut
508 3070 625 3138 opum,
641 3048 814 3114 autetiam
831 3071 909 3114 cum
926 3049 1072 3137 potentis
1085 3049 1211 3138 eloquii

137 3175 262 3241 virtute
286 3174 347 3262 (V.
364 3172 565 3263 Hrppiom)‚
593 3195 660 3239 uno
686 3171 791 3239 verbo
816 3195 894 3238 cum
921 3171 1071 3240 formosa
1098 3173 1212 3262 aliqua

138 3290 264 3389 specie,
286 3296 443 3364 videlicet
468 3320 544 3363 cum
573 3297 738 3385 dignitate
760 3297 817 3363 illa
837 3307 870 3363 et
890 3297 1096 3365 confidentia
1123 3323 1211 3387 quae

138 3446 219 3514 opes
241 3432 299 3491 aut
322 3422 518 3512 imperium,
532 3433 589 3487 aut
604 3421 752 3510 aliquam
769 3432 945 3489 externam
968 3425 1210 3513 praestantiam

137 3557 339 3636 sequuntur.
352 3547 538 3613 Pulchrum
553 3546 635 3612 illud
652 3546 819 3636 estquod,
832 3547 931 3615 titulo
944 3548 1074 3636 pulchri
1091 3572 1210 3616 secun-

136 3672 217 3739 dum
239 3673 428 3741 naturamt.
446 3672 590 3738 honesto
606 3672 789 3761 opponitur
805 3694 872 3737 non
886 3695 984 3739 secus
999 3696 1036 3740 ac
1045 3676 1103 3763 jus
1120 3674 1210 3742 illius
1310 3666 1315 3673 ⁸

138 3797 195 3886 qui
207 3797 283 3887 plus
295 3797 398 3876 valet,
410 3795 509 3862 titulo
520 3796 607 3884 legis
618 3805 774 3879 naturae,
789 3796 922 3884 legibus
936 3799 1130 3887 opponitur.
1145 3799 1209 3868 Sed

167 4000 177 4036 ¹
196 4002 318 4066 Excepto
339 4004 430 4053 tamen
450 4001 587 4052 Germano
604 4004 748 4054 Nietzscbe
765 4005 811 4068 qui
828 4003 937 4067 quidem
959 4006 1034 4054 totus
1053 4007 1079 4053 in
1099 4007 1210 4054 senten-

137 4099 203 4148 tiam
218 4098 410 4163 Thfflsymaohi
426 4101 453 4149 et
468 4099 590 4151 Calliclis
603 4099 753 4150 descendit.

169 4180 178 4210 ²
196 4183 231 4248 τὰ
247 4184 326 4249 καλὰ
340 4190 421 4268 φύσει
432 4193 484 4266 μὲν
499 4189 579 4249 ἀλλα
592 4183 681 4260 εἶναι,
694 4188 774 4269 νόμῳ
786 4189 816 4249 δὲ
832 4188 931 4269 ἕτερα.
952 4200 1029 4263 Lag,
1045 4201 1078 4262 X,
1090 4203 1135 4249 889
1145 4213 1169 4248 e.
