2804 4814
507 320 550 330 ..
574 284 612 347 ffl
641 321 683 329 -

55 434 139 502 satis
161 435 205 501 sit
221 434 306 501 aivis
323 434 440 501 munia
460 445 612 523 gereret
632 435 707 502 Non
728 455 829 500 omne
846 442 961 499 tamen
978 432 1132 500 imitandi

55 582 167 647 genus
183 559 280 625 Plato
296 559 471 648 prohibet,
496 559 554 626 sed
570 568 706 649 praeter
727 558 816 647 quod
832 558 901 624 vim
926 557 1081 624 imitandi
1098 559 1132 624 in

56 684 240 773 quamdam
257 685 422 751 virtutum
444 655 708 759 aemulationem
725 694 860 749 vertere
880 682 1037 763 intendit,
1060 683 1134 750 viro

57 809 233 876 moderato
257 810 291 875 in
311 808 455 876 dicendo
471 808 632 876 narrandi
652 831 762 898 genus
787 807 878 896 quod
903 808 1071 898 particeps
1092 809 1135 875 sit

55 933 254 1000 imitationis
281 943 314 1000 et
334 934 541 1000 narrationis
566 933 754 1023 simplieisl
769 935 864 1019 (ἁπλῆ
890 936 1050 1021 emptae),
1074 933 1134 1000 sed

56 1058 134 1146 plus
161 1059 278 1148 liujus,
299 1057 468 1137 concedit,
491 1068 524 1124 et
541 1056 689 1125 vetando
715 1078 793 1124 eum
811 1056 949 1122 nonnisi
966 1056 1135 1125 bonorum

59 1195 117 1251 aut
136 1183 218 1251 boni
240 1184 367 1273 aliquid
392 1185 630 1274 peragentium
656 1184 784 1274 figuras
804 1184 947 1252 induere
969 1196 1002 1252 et
1024 1186 1135 1275 expri-

63 1332 169 1389 mere,
192 1332 234 1376 eo
253 1309 327 1398 ipso
352 1309 463 1398 legem
487 1308 667 1376 adumbrat
691 1332 757 1398 qua
777 1319 875 1398 poeta
893 1309 945 1376 vel
967 1309 1137 1377 fabulator

58 1434 165 1502 teneri
196 1433 376 1513 debentur,
394 1434 549 1514 scilieet:
581 1434 640 1499 viri
665 1434 744 1501 boni
769 1434 913 1523 figuram
944 1435 1136 1524 exprimere

59 1561 186 1629 utendo
219 1584 346 1650 genere
368 1563 532 1629 orationis
567 1585 644 1628 oum
671 1563 745 1629 viro
779 1562 868 1628 bono
899 1572 1134 1652 congruente3

61 1687 150 1775 quod
168 1687 304 1775 quidem
322 1687 497 1776 exemplar
511 1686 611 1777 plane
627 1687 1049 1776 repraesentantPlatonis
1067 1687 1137 1754 dia-

61 1812 130 1901 logi
162 1834 267 1900 quum
307 1811 371 1877 viri
412 1820 490 1878 ante
519 1834 638 1878 omnes
667 1812 831 1901 sapientis
861 1821 893 1878 et
922 1811 1002 1879 boni
1030 1813 1136 1879 vitam

60 1935 188 2002 referre
206 1959 243 2001 se
257 1935 481 2025 profiteantur
507 1935 577 2001 lere
598 1958 775 2023 nunquam
800 1935 926 2002 utendo
947 1936 1137 2004 imitatione

61 2062 125 2127 nisi
151 2082 228 2126 rum
252 2061 448 2138 narratione
482 2060 598 2126 mixta.
625 2101 666 2109 -
698 2062 750 2128 Ex
771 2061 890 2128 eodem
917 2061 1138 2151 Reipublicae

62 2186 134 2252 loeo
155 2186 197 2252 de
224 2185 414 2252 imitatione
441 2209 508 2274 quo
525 2186 691 2265 nitimur,
718 2187 752 2252 in
774 2197 975 2253 transcursu
992 2187 1137 2276 intelligi

54 2332 197 2398 quoque
219 2318 330 2398 potest
353 2331 455 2398 quem
484 2309 518 2374 in
548 2308 685 2375 modum
717 2310 846 2376 musica
872 2309 929 2376 illa
952 2333 1038 2398 quae
1068 2310 1139 2377 lere

62 2457 180 2502 omnes
211 2433 320 2501 bonas
350 2444 441 2500 artes
470 2433 729 2523 comprehendit
753 2457 831 2501 oum
856 2435 1011 2501 oratione
1036 2435 1138 2501 etiam

62 2562 245 2649 conjuncta
279 2559 335 2638 sit,
371 2581 476 2647 quum
501 2558 542 2625 de
573 2558 631 2625 illo
664 2559 720 2647 qui
748 2559 863 2625 omnia
888 2560 942 2626 vel
968 2559 1139 2626 deteriora

62 2683 254 2751 simulando
269 2706 407 2773 operam
423 2683 601 2773 impendit,
623 2683 654 2749 id
673 2684 966 2751 animadvertatur
986 2684 1076 2774 quod
1091 2685 1139 2752 illi

64 2831 224 2875 numeros
256 2819 288 2875 et
315 2809 512 2875 harmonias
544 2808 709 2875 orationis
735 2809 869 2875 variare
898 2832 1039 2876 neeesse
1076 2810 1140 2876 erit

63 2943 293 3024 congruenter
304 2957 381 3000 oum
393 2933 498 2999 variis
508 2932 628 3021 figuris
640 2942 672 2999 et
684 2933 836 3000 moribus
851 2957 936 3022 quos
950 2934 1138 3023 exprimat3

63 3056 174 3148 neque
194 3082 299 3125 unum
327 3069 483 3125 tenorem
505 3081 566 3124 sua
592 3059 700 3124 oratio
718 3059 814 3146 quasi
831 3082 900 3125 non
925 3081 1066 3147 oompos
1087 3059 1140 3124 sui

63 3184 232 3252 habebit3.
314 3177 325 3210 ‘

107 3432 252 3499 t-Ah
264 3431 455 3499 imitatione
472 3430 514 3498 ad
526 3431 604 3498 fieta
615 3441 648 3498 et
664 3431 782 3498 afiotis
798 3431 839 3498 ad
853 3442 1031 3520 poetarum
1047 3431 1141 3498 labu-

64 3559 114 3624 las
126 3557 292 3624 transitus
317 3555 427 3623 facilis
444 3566 515 3638 est3
544 3578 631 3645 quae
653 3554 788 3622 fabulae
806 3555 847 3622 de
864 3557 936 3622 Diis
950 3567 1030 3623 sunt
1046 3579 1085 3623 ae
1099 3556 1141 3623 de

65 3682 166 3761 Oreo,
183 3691 216 3748 et
231 3681 313 3748 deos
328 3680 448 3747 iisdem
470 3681 649 3748 affectibus
668 3690 701 3747 et
724 3680 911 3747 sceleribus
929 3704 967 3748 ae
984 3681 1141 3749 homines

95 3999 104 4034 ¹
122 4002 214 4064 Resp,
231 4000 280 4063 ΙΙΙ,
294 4003 339 4050 395
350 4013 373 4050 e.

97 4099 106 4132 ²
122 4100 215 4162 Resp,
229 4098 278 4156 ΙΙΙ,
291 4101 338 4148 396
350 4097 375 4146 d.

94 4196 106 4230 ³
123 4198 216 4260 Hesp,
233 4197 282 4259 III,
296 4199 340 4245 397
355 4194 381 4244 b.
