2804 4814
610 281 790 346 ..49,„⁴v

160 439 271 517 tincti,
298 438 370 504 sive
396 436 429 501 in
454 436 530 526 lyra
549 436 710 515 chordae,
733 457 890 513 summs,·
917 434 1041 513 media,
1064 434 1131 500 ima
1156 457 1236 503 con·

159 573 297 629 centum
310 569 516 639 servant‚—-
528 581 569 626 ex
586 559 802 627 diversarum
818 568 985 626 concentu
1002 559 1074 624 sive
1089 559 1237 649 partium

161 688 281 767 animi,
299 687 371 754 sive
391 684 556 764 tribuum,
580 685 652 751 sive
672 688 842 753 aetatum¹
864 684 1044 764 conflatur,
1067 707 1131 751 nec
1151 685 1239 751 sim-

160 812 239 900 plex
261 821 294 878 ct
312 809 525 877 individuum
548 808 675 898 aliquid
702 818 764 876 est.
785 809 885 898 Atqui
911 809 1082 877 contraria
1102 831 1240 899 compo·

162 936 289 1016 nendo,
319 946 352 1002 et
378 935 611 1002 diversitatem
645 935 680 1001 in
715 957 821 1001 unum
856 933 1065 1014 reducendc,
1094 957 1135 1001 eo
1164 935 1239 1025 ipso

163 1072 320 1128 naturam
347 1060 532 1127 humanam
561 1060 596 1127 in
626 1061 762 1126 civitate
790 1060 999 1128 unicolorem
1034 1083 1076 1127 cx
1104 1061 1240 1127 diversa

164 1186 281 1266 efficit,
311 1196 345 1253 et
369 1185 595 1252 versicolores
617 1194 754 1253 mores²
778 1185 939 1252 excludit.

209 1437 241 1500 Ἰ.
265 1435 475 1499 -Prorsus
504 1432 684 1522 pulchrum
717 1433 840 1522 pendet
874 1443 906 1500 ct
929 1435 1025 1522 quasi
1054 1433 1192 1522 prolluit
1221 1443 1244 1499 a?

166 1559 257 1626 bono
273 1569 413 1638 etvero,
435 1579 589 1623 arevera
607 1583 622 1620 n
645 1557 812 1624 existente
835 1584 865 1625 n.
883 1557 967 1625 Cum
993 1556 1084 1624 hono
1106 1567 1139 1623 et
1158 1579 1246 1628 vcro,
1332 1604 1334 1609 ι

167 1684 201 1749 in
219 1705 327 1749 unum
349 1704 456 1771 paene
478 1682 652 1752 miscetur.
670 1682 817 1748 Tantum
836 1681 947 1749 abhis
962 1681 1186 1770 distinguitur
1200 1703 1240 1746 eo

167 1807 257 1898 quod
277 1808 311 1874 in
333 1807 390 1873 illo
407 1807 677 1873 contineturncc
701 1806 816 1873 abillo
837 1807 974 1897 sejungi
995 1816 1106 1897 potest
1135 1807 1241 1873 conti-

167 1954 256 1998 nuus
268 1931 297 1996 is
314 1929 418 1998 animi
431 1952 634 2022 progressus
650 1928 692 1995 ad
707 1929 835 1996 honum
847 1952 964 1997 amore
975 1940 1168 2019 promotus3
1184 1930 1241 2018 qui

169 2078 265 2122 amor
284 2078 325 2123 eo
340 2054 430 2144 quod
451 2054 591 2143 appetiit
605 2054 746 2143 potitus,
767 2055 934 2144 sapientia
951 2054 998 2120 fit.
1017 2057 1059 2121 m
1074 2077 1170 2121 amor
1186 2055 1242 2121 ille

168 2181 301 2273 pulchri
323 2182 380 2270 qui
393 2184 464 2272 Jam
487 2205 506 2247 a
530 2181 673 2271 pulchro
693 2181 758 2248 isto
788 2181 876 2270 quod
909 2181 1078 2248 illecebris
1088 2181 1242 2270 volupta-
1334 2225 1338 2234 =

169 2316 239 2374 tum
256 2306 409 2395 corporis
429 2305 549 2371 nititur
560 2328 597 2372 se
614 2305 761 2395 expedit,
777 2307 1032 2396 —priusquam
1049 2306 1083 2372 in
1099 2305 1242 2396 pulchro

170 2432 226 2498 illo
240 2453 300 2521 per
316 2454 352 2497 se
368 2430 422 2497 vel
439 2429 527 2496 bono
548 2431 781 2520 conquiescat,
798 2453 925 2519 -qua
943 2430 1094 2520 imagine
1110 2431 1243 2520 pulchri
1312 2498 1315 2503 ,

171 2555 267 2645 quasi
286 2556 401 2631 alitur,
421 2577 488 2643 qua
508 2555 621 2644 specie
641 2556 774 2645 pulchri
793 2565 951 2623 movetur
972 2566 1005 2622 et
1024 2546 1245 2624 'oblectatur

172 2681 254 2748 Tale
274 2680 455 2771 pulchrum
483 2680 735 2770 complectitur,
761 2681 821 2749 tali
842 2681 993 2771 pascitur
1022 2691 1060 2748 ut
1095 2681 1128 2748 id
1166 2704 1244 2748 cum

171 2806 346 2874 intellectu
362 2806 406 2872 sit
431 2805 499 2894 (qui
526 2806 663 2872 nonnisi
685 2807 850 2896 optimum
869 2829 1034 2895 quaerere
1050 2809 1187 2896 potest),
1202 2847 1245 2856 -

171 2933 251 3000 dum
269 2932 310 2998 iis
327 2931 430 2998 rebus
444 2931 569 3019 gaudet
586 2955 672 3020 quae
689 2931 1048 3013 modum‚uumerum,
1064 2933 1245 3000 concinen-

170 3058 253 3124 tiam
274 3056 452 3136 habentes,
474 3055 515 3123 ad
535 3055 800 3123 convertendam
820 3057 889 3123 vim
911 3057 1129 3146 cogitationis
1143 3058 1184 3124 ab
1204 3059 1246 3125 iis

173 3205 260 3272 quae
285 3180 348 3248 sub
379 3204 483 3248 sensu
518 3180 643 3248 cadunt
669 3180 710 3248 ad
749 3182 1073 3271 contemplationem
1093 3183 1246 3250 veritatis

173 3307 281 3397 ipsius
312 3305 489 3374 intellectu
518 3315 650 3372 tantum
682 3307 839 3394 cognitae
855 3307 983 3386 valent,
1002 3307 1145 3374 aliarum
1175 3308 1248 3397 pul-

175 3433 350 3500 chriorum
365 3432 476 3499 adhuc
501 3432 744 3520 cogitationem
765 3456 827 3499 sua
851 3434 962 3522 specie
984 3435 1089 3501 menti
1114 3457 1249 3525 semper

174 3558 371 3649 injiciendo.
391 3558 446 3626 Sic
465 3557 641 3646 laquearia
657 3557 775 3623 mundi
796 3581 864 3625 non
881 3569 1012 3626 tantum
1034 3559 1152 3626 oculos
1176 3559 1248 3648 pul-

175 3685 257 3750 chro
272 3683 466 3773 spectaculo
482 3682 644 3762 retinent,
657 3681 714 3748 scd
732 3683 834 3748 etiam
850 3684 1063 3773 pulchriores
1079 3692 1248 3750 astrorum

177 3817 289 3874 motus
304 3817 338 3874 ct
354 3807 482 3896 figuras
499 3817 532 3874 et
547 3829 710 3873 numeros
729 3808 833 3874 urenti
845 3811 1072 3897 suggerunt3,
1094 3808 1250 3896 neglecto

206 4008 215 4043 ¹
233 4009 310 4074 Leg„
323 4011 358 4059 II.

207 4091 218 4124 ‘²
236 4099 356 4160 ποικίλα
371 4100 428 4176 ἤθη
445 4097 493 4160 καὶ
514 4100 623 4179 φαῦλα.
643 4107 720 4174 Leg„
733 4110 780 4172 IV,
794 4113 840 4159 704
852 4109 879 4160 d.

207 4205 218 4240 ³
234 4206 326 4269 Hesp„
338 4210 384 4255 529
395 4206 422 4257 d.
