2804 4814
608 268 788 344 y-Itt-

60 486 61 490 ,
161 419 293 508 imperii
306 430 482 508 apparatu,
496 421 687 500 maenibuS,
699 432 812 510 portu,
823 419 981 500 navibus,
993 420 1139 510 publicis
1150 416 1240 487 aedi-

161 543 247 610 liciis
260 553 439 624 memorat,
452 545 638 612 verisimile
655 556 706 612 cst
717 544 757 611 ad
775 543 1037 611 architecturam
1055 567 1194 633 quoquc
1209 555 1242 612 et

160 677 292 733 ceteras
310 677 400 733 artes
422 667 619 758 hujusmodi
640 667 823 756 pertinere)
845 666 946 733 modo
963 666 1085 733 Pericli
1103 667 1242 734 ceteris-

162 814 228 880 que
250 791 397 858 civitatis
424 791 614 859 rectoribus
640 791 796 858 videlicet
821 795 979 880 εἰρωνικῶς
1009 791 1091 858 vitio
1120 792 1240 858 vertit¹

163 915 253 1005 quod
274 916 393 983 sedulo
414 927 447 983 et
466 917 573 984 multo
590 916 743 983 sedulius
764 916 900 1004 quidem
920 938 1022 1004 quam
1042 926 1242 1005 praesentes

162 1040 369 1130 reipublicae
383 1051 534 1108 rectores
547 1042 674 1108 civitati
690 1063 830 1129 eaquae
847 1049 1019 1130 appeteret
1030 1042 1241 1130 paraverint,
1290 1030 1292 1040 ’

163 1188 226 1232 nec
238 1146 397 1233 meliores
408 1165 616 1233 reddiderint
626 1166 732 1245 cives,
745 1166 814 1231 imo
826 1165 979 1253 ingratos
992 1165 1025 1231 in
1036 1188 1072 1231 se
1084 1165 1241 1249 fecerint,

163 1289 1241 1379 modoillumPericlemsineullaexceptionelaudatquodillam

165 1413 289 1480 mentis
303 1414 547 1481 sublimitatem
559 1436 661 1503 quam
675 1436 798 1502 magna
813 1414 947 1503 incepta
958 1423 1101 1503 poscant
1112 1414 1243 1503 ingenii

164 1538 314 1605 acumini
339 1537 568 1628 adjunxerat.
594 1537 693 1625 Certe
718 1536 828 1626 placet
848 1538 981 1603 Platoni
1010 1536 1137 1603 dictum
1161 1537 1244 1613 illud

164 1664 335 1753 poeticum
362 1688 378 1730 (ι
400 1673 437 1730 ut
452 1664 573 1731 abenei
594 1674 627 1730 et
652 1663 752 1729 ferrei
774 1663 886 1751 potius
910 1686 1011 1752 quam
1034 1664 1161 1730 terreni
1177 1665 1245 1730 sint

168 1788 254 1853 muri
274 1813 290 1851 ν
301 1787 336 1868 ³;
357 1809 421 1855 nec
434 1797 541 1876 putat,
556 1787 739 1853 Homerico
759 1786 862 1853 verbo
878 1796 978 1853 utens
998 1813 1012 1849 (ι
1029 1787 1243 1876 respublicas

168 1934 185 1978 e
203 1933 332 1999 quercu
347 1911 460 1999 aliqua
472 1919 530 1976 aut
546 1933 589 1976 ex
600 1933 685 1999 rupe
700 1909 773 1976 fieri
785 1910 898 1999 potius
915 1933 1017 1998 quam
1032 1933 1075 1977 ex
1089 1911 1243 1979 moribus
1311 1984 1314 1989 ,

170 2036 226 2124 qui
244 2036 277 2102 in
294 2035 488 2102 civitatibus
505 2035 593 2100 sint*
609 2062 638 2100 ν.
653 2034 784 2116 Quibus
805 2036 999 2115 sententiis,
1012 2045 1047 2101 ut
1059 2036 1241 2124 pulchrum

167 2185 185 2228 e
204 2161 294 2227 bono
310 2159 458 2250 pendere
479 2159 573 2248 prius
594 2160 725 2237 statuit,
740 2160 784 2225 ita
800 2182 911 2247 nequo
928 2169 1127 2248 apparatum
1146 2162 1245 2249 regni

168 2285 353 2375 quidquam
366 2307 441 2351 esse
454 2285 528 2350 sine
539 2283 660 2350 validis
672 2283 819 2350 civitatis
835 2283 1048 2363 custodibus
1061 2307 1174 2373 neque
1186 2309 1246 2375 pu-

168 2411 255 2477 blica
272 2409 425 2503 aedificia
437 2409 619 2496 magnifice
635 2418 807 2476 exstructa
824 2418 856 2475 et
872 2419 992 2475 ornata
1007 2409 1072 2475 nisi
1090 2409 1247 2477 salubres

169 2536 365 2624 etintegros
387 2556 499 2600 mores
519 2531 707 2599 redolentia
728 2556 766 2599 ac
786 2534 970 2600 referentia
987 2556 1050 2600 nos
1071 2534 1245 2601 admonet.

169 2659 296 2726 Eadem
325 2659 419 2725 urbis
445 2681 484 2724 ac
506 2658 653 2725 hominis
679 2657 828 2724 conditio
853 2667 916 2725 est.
944 2659 1108 2747 Corporis
1136 2659 1248 2726 forma

170 2785 316 2875 alicujus
336 2784 434 2873 pretii
451 2793 502 2850 est
524 2783 662 2849 nonnisi
682 2805 759 2849 cum
784 2782 887 2848 animi
905 2783 1031 2849 virtute
1048 2786 1245 2873 conjuncta.

215 2911 253 2975 In
274 2909 404 2976 artibus
424 2905 661 2998 hujuscemodi
685 2931 804 2997 parum
828 2907 983 2974 consistit
1008 2908 1118 2973 Plato.
1145 2909 1246 2997 Atqui

172 3033 438 3100 architectonica
462 3056 565 3122 opera
586 3055 662 3131 cum
688 3031 811 3120 quibus
843 3031 982 3119 pictoris
1007 3042 1040 3096 et
1065 3031 1248 3120 sculptoris

172 3154 1246 3247 operaquasiconcinunt,molemsuamhabent,nequeearum

172 3284 258 3350 ratio
276 3282 316 3349 ab
337 3282 483 3349 utilitate
503 3281 638 3371 publiea
654 3291 687 3347 et
711 3279 883 3346 communi
903 3279 993 3346 bono
1013 3278 1112 3345 facile
1135 3279 1247 3348 detor-

202 3565 211 3598 1
229 3567 323 3627 Gorg„
337 3567 380 3612 517
396 3562 423 3612 h.

201 3647 211 3680 '²
231 3651 331 3714 Πᾶσαι
348 3651 412 3712 ’σ’σαι
430 3649 559 3731 μεγάλαι
578 3655 634 3712 τῶν
655 3653 767 3730 τεχνῶν
787 3649 978 3729 προσδέονται
999 3643 1177 3726 ἀδολεσχίας
1200 3649 1249 3708 καί

173 3762 411 3842 μετεωρολογίας
433 3762 545 3839 φύσεως
560 3761 645 3839 πέρι·
662 3762 694 3819 τὸ
717 3752 775 3837 γὰρ
793 3754 958 3834 ὑψηλόνουν
974 3763 1059 3814 τοῦτο
1080 3753 1128 3813 καί
1151 3752 1246 3837 ποίντῃ

169 3872 376 3950 τελεσιουργὸν
392 3871 485 3928 ἔοικεν
502 3866 635 3926 ἐντεῦθέν
651 3866 740 3924 ποθεν
757 3859 883 3924 εἰσιέναι.
905 3869 1056 3931 Phaedrus,
1070 3873 1115 3918 269
1129 3885 1151 3920 e.

200 3978 211 4010 ³
227 3977 304 4039 Leg„
317 3976 364 4034 VI,
383 3979 427 4023 778
439 3974 465 4023 d.

200 4057 210 4091 ⁴
228 4068 246 4142 ἢ
272 4066 326 4125 οίει
345 4066 378 4124 ἐκ
398 4062 484 4144 δρυός
510 4063 598 4123 ποθεν
621 4063 639 4138 ἢ
660 4062 694 4121 ἐκ
714 4062 824 4139 πέτρας
850 4054 903 4129 τας
925 4057 1076 4128 πολιτείας
1094 4057 1247 4136 γίγνεσθαι

170 4165 312 4250 ἀλλὀὒχί
332 4172 365 4229 ἑιι
384 4173 440 4229 τῶν
463 4167 540 4244 ἠθῶν
552 4170 608 4227 τῶν
630 4169 658 4226 ἐν
675 4174 740 4236 ταῖς
755 4164 886 4224 πὀλεσιν.
907 4173 1000 4235 Resp.‚
1018 4170 1088 4231 VIII,
1106 4175 1151 4220 541
1165 4172 1191 4220 d.
