2804 4814
651 283 824 347 ..20-

199 461 315 506 amore
332 447 365 504 et
388 437 563 527 voluptate
588 437 736 504 allicitur
756 446 893 526 propter
914 458 1055 525 eaquae
1073 435 1107 500 in
1131 433 1275 523 pulchro

200 563 347 653 quodam
366 562 582 630 adolescente
603 562 707 629 animi
730 571 763 628 et
783 563 906 628 mentis
930 572 1023 640 sunt,
1040 560 1198 626 videlicet
1214 560 1277 625 im-

200 699 332 755 mature
361 686 511 753 lucidum
534 688 725 781 ingenium,
750 685 990 753 verecundiam
1018 685 1128 774 qualis
1153 684 1277 774 puellis

199 814 312 880 inesse
339 815 476 895 dicitur,
505 813 692 903 sapientiae
716 815 909 904 cupidinem
932 822 990 880 aut
1011 810 1277 877 aemulationem

199 948 258 1005 aut
273 962 381 1029 spem,
397 961 603 1028 generosam
624 938 786 1006 indolem.
800 942 913 1006 Hocce
934 937 1040 1004 luisse
1057 935 1193 1002 videtur
1205 935 1278 1024 pul-

199 1064 272 1132 chri
299 1064 406 1154 ipsius
433 1063 620 1153 exemplar,
650 1064 778 1131 scilicet
812 1063 1011 1131 adolescens
1041 1060 1192 1150 quidam,
1220 1070 1279 1127 aut

201 1212 299 1278 puer,
323 1199 382 1256 aut
394 1189 533 1280 juvenis
550 1188 638 1279 apud
663 1211 765 1278 quem
786 1189 940 1278 speciosa
960 1187 1084 1266 forma,
1104 1187 1278 1275 ingenuus

202 1314 354 1403 corporis
366 1313 502 1380 habitus
511 1323 544 1380 et
560 1314 716 1381 incessus
733 1314 855 1403 partim
872 1313 994 1391 innati,
1010 1312 1132 1402 partim
1147 1311 1279 1400 palaes-

202 1449 253 1505 tra
273 1439 396 1528 parati,
410 1439 496 1504 mira
515 1437 712 1518 concordia,
729 1438 930 1518 modestiae,
947 1436 1060 1504 studio
1076 1436 1279 1525 sapientiae,

204 1557 338 1630 morum
366 1565 550 1644 sanctitati,
572 1564 773 1654 prudentiae
794 1564 891 1653 quasi
912 1563 1111 1642 concinunt,
1133 1561 1218 1628 adeo
1244 1570 1281 1628 ut

204 1689 261 1755 illa
282 1689 424 1756 inomni
446 1712 482 1755 re
503 1689 710 1777 praestantia
725 1689 885 1777 aequales
903 1691 977 1779 ejus
995 1697 1027 1753 et
1041 1687 1151 1754 socios
1175 1685 1281 1752 admi-

205 1814 337 1880 ratione
353 1813 515 1903 percellat
526 1823 627 1902 atque
639 1814 740 1879 etiam
757 1836 873 1879 amore
886 1811 1033 1901 quodam
1047 1834 1114 1900 quo
1131 1811 1283 1878 instincti

205 1939 340 2028 placere
364 1949 475 2005 amato
497 1948 529 2004 et
551 1939 585 2003 in
606 1948 792 2028 conspectu
818 1941 892 2028 ejus
913 1937 1043 2004 laudari
1069 1936 1219 2025 cupiant.
1243 1938 1284 2002 Et

208 2073 299 2129 certo
320 2063 405 2152 apud
434 2063 611 2130 Platonem
640 2062 710 2129 lere
739 2085 908 2150 nusquam
929 2061 1060 2128 nonde
1091 2083 1209 2127 amore
1229 2061 1284 2127 vel

208 2188 357 2255 amicitia
378 2198 413 2254 ut
434 2187 611 2255 affectibus
632 2188 673 2254 ad
694 2188 875 2277 pulchrum
893 2186 1115 2253 attinentibus
1130 2186 1284 2253 simulac

208 2312 249 2379 de
266 2313 408 2402 pulchro
423 2313 547 2402 agitur.

253 2441 329 2504 lam
360 2438 393 2503 in
422 2437 517 2527 Lysi,
535 2437 567 2503 in
598 2459 664 2524 quo
686 2460 799 2504 sermo
832 2437 873 2503 de
902 2437 1052 2504 amicitia
1080 2436 1283 2517 instituitur,

213 2567 302 2634 inter
323 2564 475 2651 argutias
500 2563 603 2653 hujus
637 2562 893 2652 disceptationis
921 2586 1007 2652 quae
1036 2565 1148 2652 potius
1178 2563 1287 2653 carpit

212 2711 314 2780 quam
335 2687 375 2754 ad
396 2686 523 2775 aliquid
545 2687 681 2753 firmum
704 2687 759 2753 ubi
780 2688 944 2754 consistat
959 2689 1079 2768 tendit,
1101 2687 1287 2755 odoramur

212 2812 340 2902 aliquid
357 2811 447 2901 quod
459 2811 554 2878 illum
570 2811 687 2879 divino
704 2813 824 2901 spiritu
839 2813 1038 2879 instinctum
1053 2813 1184 2880 redolet
1205 2836 1287 2901 qua-

212 2939 280 3004 lem
302 2937 471 3026 posterius
494 2959 528 3002 se
550 2936 688 3025 praebet
707 2937 804 3004 Plato
824 2938 858 3003 in
871 2937 1037 3005 Convivio
1058 2948 1090 3004 et
1109 2937 1266 3005 Phaedro
1278 2963 1286 3018 ;

213 3062 414 3152 praesertim
437 3062 471 3126 in
492 3061 558 3127 illis
579 3061 662 3128 locis
683 3061 739 3128 ubi
761 3062 841 3128 talia
864 3063 1015 3129 vicissim
1032 3063 1238 3129 vaticinatur
1256 3072 1290 3129 et

214 3187 347 3253 ratione
374 3184 524 3274 prohat:
553 3213 565 3247 a
594 3187 715 3251 Nonne
742 3186 926 3252 amicitiam
962 3186 1119 3273 (forsitan
1156 3187 1291 3254 somnia

218 3312 324 3400 fingo,
362 3310 422 3396 ait)
449 3333 490 3376 ex
516 3310 657 3399 pulchro
685 3311 813 3391 nasci1,
840 3312 1019 3400 pulchrum
1043 3313 1138 3400 quasi
1162 3322 1289 3401 petere,

216 3435 395 3527 pulchrum
422 3458 504 3501 vero
538 3436 568 3502 ei
600 3436 656 3524 qui
693 3435 724 3501 id
747 3436 829 3525 petit
863 3438 1011 3504 amicum
1050 3461 1150 3518 esse;
1174 3461 1290 3506 nonne

216 3560 342 3627 bonum
360 3560 538 3648 pulchrum
561 3560 766 3640 adamasse,
786 3601 831 3611 —-
846 3571 879 3628 ct
896 3562 990 3628 illum
1014 3563 1070 3651 qui
1094 3572 1184 3629 amat
1209 3586 1288 3629 eum

216 3707 292 3750 esse
316 3684 371 3772 qui
394 3684 590 3773 ipseneque
611 3682 720 3750 bonus
737 3708 849 3773 neque
871 3687 981 3754 malus
1002 3688 1057 3766 sit,
1078 3727 1122 3736 —-
1146 3697 1178 3753 et
1205 3688 1289 3754 illud

217 3809 305 3898 quod
324 3819 456 3875 amatur
471 3819 500 3874 ct
519 3808 618 3875 alicui
633 3808 763 3899 lionum
780 3820 831 3877 est
855 3835 922 3878 non
950 3821 1087 3901 propter
1107 3835 1142 3878 se
1179 3813 1289 3902 ipsum

218 3935 323 3999 amari
343 3933 400 3999 sed
417 3944 554 4022 propter
570 3933 675 4013 aliud,
694 3944 726 4001 et
742 3935 805 4001 hoc
821 3935 911 4001 aliud
928 3944 1065 4024 propter
1090 3936 1180 4002 aliud
1197 3937 1291 4004 insu·

249 4205 257 4238 ¹
277 4205 363 4267 Lysis,
377 4209 422 4253 216
438 4219 451 4254 c
465 4206 491 4255 d.
