2804 4814
667 278 841 343 -78-

216 431 385 498 sacrificia
399 419 559 510 voveant,
577 430 710 510 domos,
726 433 833 510 vicos,
848 431 941 498 locos
957 455 1017 498 sen
1029 454 1133 520 puros
1150 455 1211 500 seu
1226 455 1293 500 non

217 557 285 621 aris
311 555 508 644 impleanti.

262 810 294 874 8.
308 848 351 857 -
373 809 536 896 Superest
549 818 584 874 nt
597 808 846 898 perpendamus
863 807 965 874 simul
982 818 1013 874 ct
1025 808 1294 898 interpretemur

217 933 369 1029 Platonis
391 932 508 1005 illude
536 933 667 999 musica
688 933 842 1000 instituta
858 943 891 999 et
912 932 1094 1022 praecipue
1115 933 1292 1000 immotam

217 1057 310 1124 illam
331 1057 456 1124 artium
473 1059 640 1124 rationem
663 1080 783 1146 quaex
804 1060 879 1147 ejus
896 1057 1065 1124 sententia
1083 1057 1293 1126 diuturnitas

216 1194 409 1250 ceterorum
426 1184 573 1251 civitatis
589 1184 823 1251 institutorum
840 1184 1007 1251 niteretur
1024 1209 1031 1250 ε
1050 1207 1138 1273 quae
1154 1185 1291 1274 quidem

217 1306 344 1397 aliquid
371 1329 478 1397 paene
502 1309 687 1397 portentosi
720 1307 857 1387 liabere,
879 1317 910 1374 et
936 1318 1071 1397 praeter
1094 1309 1291 1397 opinionem

217 1432 364 1499 recentis
398 1433 580 1521 praecipue
606 1433 726 1499 aetatis
747 1455 822 1498 esse
847 1432 1017 1499 videntur.
1040 1434 1108 1500 Nec
1130 1436 1222 1523 jure.
1251 1436 1294 1503 Ut

215 1556 346 1648 pulchri
362 1567 533 1636 naturam,
544 1558 588 1623 ita
604 1558 755 1624 musicae
767 1558 934 1623 rationem
947 1558 1163 1646 perspexitet
1178 1559 1292 1648 explo-

216 1682 318 1762 ravit,
340 1691 373 1748 et
401 1681 564 1771 quidquid
594 1682 628 1747 in
660 1681 854 1757 aestheticis
881 1692 1011 1748 certum
1043 1692 1075 1748 et
1104 1682 1211 1749 fixum
1242 1694 1294 1750 est

216 1807 392 1873 Platonica
413 1809 484 1895 jam
505 1805 660 1873 doctrina
680 1808 874 1874 continetur
897 1817 930 1873 et
955 1830 973 1873 a
1003 1807 1145 1875 Platone
1164 1810 1292 1903 perspi*

216 1954 316 2000 cuum
348 1931 475 1997 lactum
505 1941 567 1997 est.
593 1931 687 2012 Quae
719 1954 800 1999 vero
826 1932 1004 2020 perspicua
1025 1931 1216 2012 laetasint,
1239 1908 1291 1999 vel

216 2057 370 2123 instituta
395 2056 452 2122 illa
468 2055 509 2122 de
530 2055 654 2145 quibus
674 2056 762 2122 inter
780 2079 900 2123 omnes
924 2057 1117 2132 conveniat,
1140 2081 1292 2125 consue-

214 2180 332 2247 tudine
356 2180 476 2246 accidit
493 2191 528 2246 ut
550 2180 652 2246 simul
670 2180 857 2270 probentur
878 2191 910 2246 et
931 2191 1121 2260 taceantur,
1141 2221 1182 2230 -—
1213 2205 1291 2249 mox

216 2315 252 2373 ut
272 2305 379 2372 abeis
402 2305 538 2372 diversa
560 2305 601 2371 de
619 2305 737 2372 iisdem
759 2305 862 2372 rebus
879 2306 1033 2371 instituta
1053 2328 1091 2372 ac
1112 2306 1228 2373 minus
1251 2306 1291 2373 ad

215 2432 488 2500 imamnatnram
504 2430 551 2496 rei
567 2452 669 2519 quam
682 2429 722 2496 ad
735 2453 856 2496 causas
868 2430 1071 2519 adjuvantes
1086 2430 1291 2520 pertinentia

215 2559 483 2647 conjecturaquc
517 2564 681 2632 contenta,
709 2555 743 2621 in
777 2555 888 2620 lucem
918 2555 1150 2644 proferantur,
1176 2555 1290 2622 locum

216 2703 375 2748 verorum
389 2680 622 2747 institutorum
643 2682 865 2768 (quamquam
895 2679 935 2746 ab
956 2680 1005 2746 eis
1024 2683 1180 2768 sejuncta
1197 2703 1291 2747 man-

215 2828 293 2873 cum
318 2817 351 2872 et
376 2805 536 2873 claudum
563 2805 688 2894 aliquid
709 2810 815 2893 sunt),
839 2816 1018 2894 occupent,
1033 2847 1077 2856 —
1099 2804 1157 2873 illa
1178 2817 1291 2874 autem

214 2929 1290 3021 interportentosaetinaudita1·ejiciantur.Atquiveriusquam

216 3055 397 3143 qnisquam
412 3064 569 3121 naturam
592 3064 623 3120 et
644 3055 712 3120 vim
738 3055 887 3120 musicae
908 3055 980 3120 sive
994 3055 1222 3122 honestarum
1241 3080 1291 3123 ar·

214 3179 298 3246 tium
312 3180 479 3268 expressit
496 3179 593 3268 isqui
610 3202 667 3245 eas
684 3178 891 3268 reipublicae
903 3178 1090 3266 subjunxit.
1109 3181 1179 3246 Nec
1196 3181 1292 3268 qnid·

216 3325 318 3391 quam
329 3302 504 3370 insolitum
518 3303 571 3369 vel
585 3302 765 3369 miriticnm
778 3302 836 3368 sed
847 3303 958 3391 potius
970 3303 1186 3371 obliteratum
1201 3328 1293 3371 nunc

215 3437 248 3494 et
259 3428 424 3494 omissum
438 3426 541 3493 edidit
553 3428 581 3493 is
596 3428 651 3516 qui
667 3427 830 3493 musicam
844 3449 977 3493 morum
991 3427 1191 3517 disciplinae
1205 3451 1293 3517 quac

139 3559 140 3562 ’
216 3553 318 3618 simul
331 3552 432 3619 ludus
453 3552 541 3618 foret
561 3552 780 3631 assimulans,
803 3551 922 3618 maluit
937 3552 1091 3641 ingenita
1104 3562 1137 3619 et
1153 3553 1187 3619 in
1212 3554 1292 3620 ani-

217 3699 290 3744 mos
306 3677 427 3743 leniter
449 3677 611 3744 instillata
629 3677 752 3745 virtute
768 3678 861 3742 cives
883 3677 1018 3767 publico
1039 3677 1129 3744 bono
1146 3677 1292 3745 libenter

216 3802 383 3869 inservire
396 3824 496 3891 quam
510 3801 643 3890 legibus
653 3803 816 3868 coerceri.
826 3801 999 3882 Quaedam
1016 3802 1152 3891 quidem
1168 3801 1291 3871 horum

216 3923 369 3992 Platonis
391 3925 592 4013 placitorum
609 3923 650 3989 ad
668 3934 811 3990 aetatem
829 3928 903 4014 ejus
920 3927 1100 4015 praecipue
1122 3927 1293 4015 pertinent

247 4200 256 4233 ¹
274 4199 350 4264 Leg„
365 4201 397 4261 X,
409 4202 455 4247 909
468 4198 494 4247 d.
