2804 4814
620 314 664 320 ..
688 275 729 337 64
754 312 797 322 ..

173 427 301 515 Gorgia
335 436 368 494 et
402 427 578 493 Phaedro¹
609 427 813 494 rhetoricam
839 438 989 503 tractans
1019 431 1113 499 velut
1140 443 1246 500 artem

174 552 355 641 quamdam
379 553 527 642 speciem
549 552 634 641 justi
659 553 787 642 injusto
814 552 990 634 induendi,
1012 556 1122 636 Plato,
1146 568 1182 624 ut
1202 559 1268 647 ita

172 676 297 755 dicam,
314 677 405 764 cogit
416 676 620 743 rhetoricam
634 677 668 742 in
680 675 891 743 dialecticam
903 678 958 745 vel
970 680 1149 747 scientiam
1163 685 1247 773 justi

172 824 209 868 se
226 812 373 880 vertere,
392 801 552 890 quoniam
575 801 631 890 qui
649 801 730 867 velit
746 804 877 891 justum
895 826 955 892 pro
976 805 1105 894 injusto
1120 809 1246 896 putari,

173 925 295 993 melius
307 925 448 992 suadeat
462 948 548 1014 quae
562 925 644 992 velit
659 926 686 990 si
700 927 869 1015 justitiam
884 938 1003 994 noscat
1018 931 1161 1017 quamsi
1177 955 1245 1000 non

172 1061 291 1119 noscat
300 1075 309 1132 3
336 1060 369 1142 ct
396 1051 457 1117 hoc
491 1073 613 1140 nempe
638 1051 738 1117 tacite
764 1051 1027 1140 intelligendum
1048 1065 1111 1134 est,
1140 1079 1245 1146 quum

171 1174 327 1241 didicerit
339 1178 470 1264 justum
487 1174 616 1254 rhetor,
630 1197 698 1241 non
712 1178 784 1264 jam
802 1175 875 1242 lore
890 1186 926 1243 ut
941 1177 1049 1266 possit
1062 1179 1245 1247 consilium

172 1322 214 1365 ex
234 1297 300 1364 alia
321 1297 442 1386 agendi
459 1299 591 1364 ratione
611 1321 744 1387 capere.

215 1424 322 1490 Porro
353 1445 434 1489 vera
477 1422 655 1503 mendacio
684 1422 819 1490 fabulae
862 1425 1015 1513 poeticae
1044 1425 1245 1494 referendae

173 1557 253 1614 sunt
274 1557 443 1636 quatenus
476 1548 525 1614 nil
554 1548 682 1614 bonum
712 1548 847 1628 docent,
883 1549 1012 1616 nullam
1040 1551 1244 1641 sapientiam

170 1673 318 1763 gignunt
331 1698 340 1753 ;
355 1696 499 1762 quarum
514 1682 644 1740 tantum
670 1674 817 1763 speciem
835 1684 868 1740 et
893 1677 1062 1764 poeticum
1093 1677 1243 1745 colorem

171 1798 384 1887 excogitatae
416 1821 433 1864 a
457 1797 668 1887 philosophis
693 1799 902 1890 principibus
932 1800 1122 1868 incivitate
1147 1800 1245 1882 lactis

171 1923 306 1990 fabulae
327 1923 485 1989 retinent.
505 1924 660 2011 Figurisa
679 1946 764 2012 opus
786 1934 837 1990 est
852 1925 954 1991 etiam
976 1925 1010 1991 in
1027 1925 1245 2017 philosophia

170 2048 212 2115 ad
233 2048 468 2137 effingendum
496 2048 585 2136 quod
607 2071 709 2137 aegre
736 2060 850 2115 mente
882 2050 1091 2139 concipitur3
1115 2063 1243 2140 quanto

172 2174 281 2262 magis
298 2173 338 2238 ad
356 2173 557 2240 inserendos
573 2173 795 2262 popularibus
811 2175 934 2240 animis
950 2174 1082 2242 debitos
1099 2176 1242 2244 allectus

169 2299 242 2365 sine
268 2298 390 2387 quibus
408 2297 599 2386 respublica
621 2321 759 2365 manere
777 2322 844 2366 non
860 2311 988 2389 posset,
1002 2323 1106 2389 quum
1120 2325 1240 2370 verum

168 2423 313 2491 suadere
333 2434 401 2491 tam
421 2423 566 2490 arduum
588 2424 661 2490 sit3.
675 2427 785 2512 Atque
802 2424 843 2491 de
869 2425 933 2491 hoc
958 2435 1091 2492 tantum
1112 2429 1239 2515 agitur,

167 2548 297 2615 scilicet
329 2548 370 2615 de
400 2550 603 2638 corrigendo
637 2550 670 2615 in
702 2549 824 2616 melius
851 2549 992 2617 traditas
1022 2561 1055 2618 et
1087 2553 1241 2621 exoletas

167 2673 301 2742 fabulas
330 2675 425 2764 quasi
458 2663 579 2763 sponte
600 2698 662 2741 sua
692 2697 731 2741 ac
756 2674 895 2741 lortuito
932 2685 1042 2755 natas,
1073 2678 1237 2765 quasdam

165 2812 280 2867 tamen
298 2801 410 2890 specie
424 2800 548 2866 veteris
569 2800 756 2889 sapientiae
772 2801 988 2890 conspicuae,
1001 2811 1058 2868 aut
1074 2805 1239 2887 aarumin

165 2926 278 2992 locum
296 2924 497 2991 sufficiendo
519 2924 603 2990 alias
620 2934 652 2990 et
669 2925 741 2991 veri
762 2925 939 3015 propiores
956 2936 988 2992 et
1009 2926 1133 2992 animis
1150 2929 1239 2995 salu-

165 3051 309 3131 briores,
323 3051 391 3117 imo
402 3054 521 3140 (quum
537 3051 681 3118 consilio
693 3051 886 3118 elaboratae
901 3051 1038 3131 luerint,
1054 3075 1122 3119 non
1137 3075 1239 3121 caeco

165 3174 311 3265 quodam
330 3176 492 3243 instinctu
514 3177 637 3267 editae)
653 3187 782 3243 tantum
797 3178 959 3244 scientiae
973 3179 1238 3267 complectentes

164 3311 329 3390 quantum
348 3301 528 3368 absumere
548 3302 679 3391 possint
701 3301 801 3367 medii
824 3302 952 3390 ingenii
989 3305 1146 3371 homines
1176 3329 1238 3372 neo

193 3556 202 3590 ¹
220 3555 373 3617 Phaedrus
390 3559 435 3604 272
448 3556 474 3606 d.

192 3638 203 3672 ⁹
220 3649 252 3706 ab
269 3641 358 3716 εἰκὸς.
380 3655 430 3715 Ti.‚
447 3658 475 3702 72
487 3668 509 3703 e.

192 3760 341 3825 ³Leg.‚lt.
357 3764 402 3809 663
418 3774 441 3809 e.
462 3747 576 3830 (Καλὸν
603 3755 654 3827 μὲν
678 3757 696 3828 ἡ
721 3746 858 3826 ἀλήθεια,
883 3744 905 3810 ὦ
928 3749 1005 3829 ξένε,
1028 3751 1076 3814 καὶ
1099 3753 1234 3832 μόνιμον,

162 3859 238 3919 ἔοικε
260 3860 316 3936 μὴν
334 3855 366 3918 οὐ
384 3856 480 3940 ῥᾴδιον
502 3851 577 3917 εἶναι
592 3850 728 3937 πείθειν).

192 3970 288 4045 συχνῷ
303 3969 344 4045 τῷ
360 3966 460 4044 ψεύδει
474 3962 522 4024 καὶ
536 3974 571 4045 τῇ
588 3959 685 4046 ἀπάτῃ
702 3964 861 4027 κινδυνεύει
880 3972 951 4043 ἡμῖν
975 3968 1086 4043 δεήσειν
1109 3972 1236 4051 χρῆσθαι

160 4072 229 4144 τοὺς
259 4074 406 4153 ἄρχοντας
436 4063 613 4154 ἐπ’ὠφελείᾳ
643 4074 700 4132 τῶν
728 4067 915 4152 ἀρχομένων·
938 4076 1047 4154 ἔφαμεν
1068 4075 1100 4136 δέ
1122 4098 1179 4138 που
1205 4080 1234 4138 ἐν

70 4207 72 4211 ’
161 4178 316 4261 φαρμάκου
336 4181 407 4240 elbai
422 4172 565 4240 πάντατὰ
585 4187 704 4238 τοιαῦτα
719 4181 851 4258 χρήσιμα
865 4174 952 4240 εἶναι.
972 4191 1064 4253 Resp,
1081 4192 1112 4253 V,
1126 4196 1172 4242 459
1187 4207 1210 4242 e.
