2804 4814
659 281 833 346 -46-

212 439 355 506 assumit
372 438 482 517 Plato,
499 436 659 527 pulchras
675 460 731 503 res
752 460 971 517 enumerem,
992 448 1123 505 tantum
1140 440 1235 529 leges
1252 448 1286 508 et

211 565 365 631 instituta
387 576 550 652 quantum
571 563 749 630 hominnm
770 586 908 652 operam
927 567 1183 653 (ἐπιτηδεύματα).
1203 567 1286 636 Sen-

212 713 285 757 sum
317 690 411 756 illum
444 689 500 777 qui
529 688 724 755 hominibus
755 689 923 778 imprimis
952 690 1114 756 societate
1143 714 1284 780 congre·

211 815 299 904 gatis
316 814 416 892 inest,
439 813 583 902 peritum
602 812 777 902 judicandi
791 812 871 901 quid
892 813 1070 901 pulchrum
1089 814 1167 902 quid
1185 815 1287 882 inde-

210 961 330 1007 corum
352 939 408 1018 sit,
426 961 488 1004 nec
509 936 594 1004 adeo
610 937 763 1025 vulgaris
782 960 905 1004 sensus
926 937 1143 1019 dissimilem,
1165 939 1285 1007 redar-

210 1086 321 1153 guens
337 1062 568 1152 sophistarum
588 1061 820 1128 laudationem
842 1061 960 1151 injusti
976 1070 1133 1143 testatur,
1147 1062 1228 1131 dum
1250 1064 1285 1130 in

124 1173 127 1183 ¹
210 1188 317 1278 gestis
346 1187 525 1277 pulchrum
558 1196 591 1253 et
617 1187 809 1253 honestum
830 1185 919 1253 idem
950 1209 1026 1253 esse
1057 1187 1110 1254 his
1143 1188 1282 1279 objicit3

211 1311 369 1380 eumdem
399 1321 542 1378 testatur
560 1333 697 1399 quoque
716 1309 930 1399 redarguens
947 1311 1119 1378 novitates
1140 1313 1174 1378 in
1197 1336 1285 1380 rem·

210 1434 380 1526 publicam
416 1433 517 1500 simul
552 1456 628 1500 cum
660 1433 820 1522 sophistis
854 1434 1042 1523 ingressas.
1068 1437 1166 1505 ¹Raro
1192 1437 1284 1502 enim

211 1581 339 1628 novum
352 1558 480 1647 aliquid
494 1559 527 1624 in
540 1558 656 1638 rebus,
670 1558 787 1625 sivein
800 1558 980 1638 aedificiis,
994 1559 1111 1626 sivein
1122 1570 1285 1642 πολιτείαις

211 1695 269 1752 aut
300 1684 465 1763 moribus,
488 1683 668 1773 pulchrum
689 1681 845 1764 videtnr3
880 1694 1055 1751 assuetum
1081 1683 1194 1774 potius
1223 1708 1285 1774 pro

210 1808 353 1898 pulchro
375 1807 519 1874 hahetur
543 1804 680 1874 ut'bene
700 1808 927 1897 compositum
953 1818 986 1874 et
1005 1831 1070 1875 usu
1090 1809 1315 1897 probatum*

212 1935 341 2003 Contra
370 1933 540 2023 plerisque
565 1956 655 1999 nova
679 1957 734 2000 res
760 1932 887 2021 aliquid
913 1933 1033 1999 incerti
1059 1933 1162 2000 hahet
1185 1935 1285 2023 eique

210 2060 298 2126 inest
323 2059 356 2125 id
377 2082 444 2147 quo
461 2058 577 2126 forsan
602 2082 657 2125 res
679 2058 809 2148 jamdiu
828 2058 1014 2125 existentes
1030 2070 1061 2125 et
1082 2059 1170 2126 inter
1190 2083 1226 2126 se
1249 2071 1284 2127 ut

210 2184 363 2251 membra
385 2160 530 2274 alicujus
556 2183 698 2250 aedilicii
721 2193 952 2272 congruentes
968 2183 1213 2254 dissolventur.
1242 2186 1284 2251 Et

209 2322 300 2378 certe
318 2310 510 2377 communis
531 2333 667 2390 seusun,
685 2310 712 2376 si
726 2309 949 2399 dignoscendi
967 2310 1038 2376 veri
1060 2332 1178 2400 parum
1196 2309 1284 2399 peri-

209 2447 263 2505 tus
277 2445 341 2515 est,
354 2435 473 2503 saltem
494 2434 535 2501 de
556 2435 698 2524 pulchro
715 2435 820 2524 perite
834 2433 1009 2501 decernit¹
1025 2456 1035 2520 3
1064 2434 1105 2500 de
1125 2434 1283 2523 pulchro,

76 2601 77 2604 =
161 2603 164 2607 v
209 2561 241 2628 id
275 2570 340 2641 est,
372 2560 413 2626 de
439 2560 675 2627 convenientia
704 2559 850 2650 alicujus
879 2560 927 2625 rei
953 2582 1031 2625 cum
1054 2568 1197 2639 natura,
1226 2571 1284 2627 aut

208 2709 286 2754 cum
304 2686 423 2753 ordine
451 2684 596 2774 quodam
619 2695 652 2751 et
671 2707 786 2751 rerum
808 2695 896 2750 statu
916 2684 1164 2751 consuetudine
1185 2686 1282 2773 quasi

209 2811 355 2878 naturali
377 2810 466 2878 facto
482 2820 520 2876 ut
538 2811 592 2876 cui
615 2810 661 2876 nil
677 2832 803 2876 novum
828 2809 932 2875 inseri
950 2809 1056 2898 possit
1078 2811 1151 2876 sine
1168 2820 1284 2876 muta-

122 2959 124 2964 ·
207 2937 339 3003 tionum
370 2935 567 3002 discrimine
588 2957 733 3023 quarum
754 2943 898 3001 eventus
918 2934 1070 3001 incertus
1097 2935 1151 3001 sit.
1180 2935 1282 3023 Atqui

208 3062 318 3144 Plato,
340 3060 420 3128 dum
446 3061 597 3130 Socratis
624 3060 810 3148 imaginem
837 3059 989 3147 aliasque
1012 3082 1177 3149 personas
1200 3069 1279 3146 stu-

208 3187 303 3253 diose
343 3186 495 3275 effingit,
534 3208 647 3252 nonne
677 3184 912 3274 philosophiae
950 3184 1164 3274 disciplinam
1205 3208 1283 3251 cum

209 3324 344 3393 natura,
369 3311 619 3379 consuetudine
644 3321 676 3378 et
701 3333 814 3377 rerum
844 3320 932 3377 statu
961 3311 1104 3399 vigenti,
1134 3334 1172 3377 ac
1205 3334 1282 3377 cum

208 3438 351 3528 pulchro
368 3436 469 3503 simul
486 3458 691 3525 componere
709 3435 866 3516 intendit,
884 3447 916 3503 et
940 3459 959 3502 a
980 3436 1192 3503 mercenaria
1212 3446 1283 3502 arte

210 3562 357 3654 quadam
388 3561 552 3628 reducere
585 3561 625 3626 ad
658 3583 784 3627 nmnus
814 3560 984 3650 quoddam
1005 3564 1105 3650 cujus
1132 3562 1284 3650 proposi-

209 3701 295 3769 tum,
318 3689 447 3755 utilitas
474 3697 507 3754 et
533 3686 611 3753 linis
636 3687 733 3752 facile
751 3686 894 3776 intelligi
912 3687 952 3753 ab
973 3685 1131 3753 omnibus
1153 3687 1283 3776 possint

210 3816 301 3902 (oum
324 3813 371 3879 nil
392 3812 571 3902 pulchrum
597 3812 639 3877 sit
656 3833 734 3877 vere
758 3812 845 3899 quod
865 3834 934 3877 non
953 3811 1123 3877 universis
1139 3810 1282 3899 placeat,

210 3962 321 4028 neque
338 3938 470 4027 placeat
483 3936 572 4025 quod
589 3959 656 4003 non
675 3935 884 4023 intelligatur
900 3946 932 4002 et
945 3934 1281 4025 comprehendatur).
1318 3951 1319 3954 ’

241 4211 249 4243 ¹
267 4211 365 4260 Nonne
381 4210 499 4258 Kantius
514 4222 564 4272 pro
580 4208 694 4273 pulchro
707 4206 792 4271 hahet
804 4207 831 4256 id
846 4207 919 4272 quod
934 4210 1069 4257 universis
1079 4207 1187 4272 placet?
