2804 4814
610 323 650 330 -
677 285 716 348 54
742 322 782 332 -

159 433 231 499 obri
254 456 321 500 non
348 434 519 501 diversam
552 459 627 502 esse
657 436 846 519 sensimus3
876 439 943 504 imo
970 462 1011 505 eo
1040 440 1115 529 ipso
1146 441 1237 530 quod
1277 467 1280 473 ·

159 558 251 624 bunc
275 558 377 624 linem
398 569 530 648 petunt,
548 560 733 626 aestbetica
756 569 788 626 et
809 561 947 650 politica
970 563 1237 654 (philosophiam

161 684 325 750 moralem
345 692 377 750 et
406 684 661 750 Institutionem
691 683 886 772 involvens)
913 685 1172 754 maxime'inter
1202 711 1239 755 se

160 809 447 876 conveniunt-
472 809 650 876 Postremo
671 808 774 874 etiam
794 808 973 876 Civitatem
1002 810 1138 899 legibus
1166 813 1239 879 sive

159 933 339 1000 Intellectu
365 943 587 1022 temperatam
608 935 1047 1024 praesumpsimus'quum
1069 936 1239 1004 intellexi-

160 1081 237 1124 mus
253 1057 334 1125 binc
350 1058 515 1125 mundum
534 1081 603 1124 non
618 1058 707 1125 mole
728 1081 790 1125 sua
810 1068 941 1124 tantum
964 1069 1054 1126 stare
1071 1071 1239 1148 quantum

161 1183 278 1271 optimi
296 1182 372 1271 lege
397 1192 430 1249 et
450 1183 525 1249 idea
547 1161 731 1272 gabeinari
753 1192 785 1248 et
811 1184 1009 1263 sustentari,
1026 1184 1105 1250 hinc
1130 1184 1239 1251 bomi-

65 1366 68 1372 .
162 1330 239 1373 nem
258 1329 300 1374 ex
323 1317 467 1396 utraque
491 1317 586 1398 parte
602 1307 789 1396 perfectum
812 1308 908 1396 quasi
927 1308 1076 1398 aliquam
1101 1332 1238 1401 rempu-

161 1429 284 1496 blicam
309 1430 394 1496 bene
421 1441 587 1497 moratam
613 1454 688 1498 esse
713 1440 748 1500 et
767 1432 863 1521 quasi
890 1431 1030 1499 brevem
1056 1435 1236 1502 muudum.

161 1556 268 1621 Porro
286 1564 322 1621 ut
342 1555 510 1622 hichomo
527 1578 606 1622 vere
622 1555 766 1622 decorus
792 1566 824 1622 et
847 1558 998 1624 musicus
1023 1558 1113 1648 apud
1136 1582 1237 1649 quem

163 1701 259 1745 mens
279 1689 312 1746 et
331 1701 454 1769 corpus
473 1681 526 1746 vel
546 1681 650 1746 animi
669 1690 781 1769 partes
801 1681 890 1747 inter
910 1704 946 1748 se
966 1683 1162 1764 concinant,
1186 1685 1239 1751 vel

162 1828 243 1872 vera
259 1816 382 1872 natura
400 1805 560 1880 humana,
576 1816 805 1909 comparetur,
822 1817 880 1872 aut
895 1808 1007 1896 potius
1024 1810 1237 1895 restituatur,

163 1931 196 1996 id
216 1931 326 2020 ipsum
341 1931 484 1999 Politice
504 1930 707 2019 pbilosopbo
725 1931 917 1998 mandatur.

211 2187 241 2250 l.
260 2222 300 2230 —
316 2183 355 2248 ln
372 2182 430 2248 tali
451 2181 492 2248 de
508 2180 650 2271 pulchro
666 2179 821 2247 doctrina
836 2205 943 2271 paene
966 2183 1067 2250 bomo
1088 2194 1239 2265 tantum,

166 2318 280 2398 utpote
300 2307 474 2374 intellectu
495 2317 527 2373 et
542 2328 700 2372 sermone
717 2305 903 2402 praeditus,
920 2309 955 2372 in
976 2308 1112 2374 civitate
1128 2308 1240 2398 impli-

165 2444 261 2499 catus
278 2443 311 2499 et
326 2433 536 2521 glomeratus
549 2432 696 2519 aliquem
714 2430 827 2497 locum
839 2441 870 2497 et
883 2454 1065 2498 numerum
1087 2432 1219 2501 obtinet
1229 2459 1237 2514 ;

165 2564 279 2620 cetera
310 2577 370 2643 pro
408 2554 521 2642 aliquo
551 2552 719 2619 habentur
748 2562 880 2619 tantum
908 2564 1075 2642 quatenus
1101 2556 1240 2644 puriore

166 2690 259 2768 parte
292 2683 366 2769 ejus
389 2679 562 2746 intellectu
595 2678 726 2767 concipi
754 2688 898 2767 possunt
923 2688 958 2744 ut
983 2701 1018 2744 se
1052 2680 1240 2749 inserentia

165 2804 360 2871 foederibus
377 2805 459 2894 ipsis
477 2804 592 2871 mundi
613 2804 667 2870 vel
688 2804 885 2870 Intellectus
904 2804 1067 2870 universi.
1087 2807 1124 2871 ln
1142 2807 1240 2874 arbo-

167 2930 273 3009 ribus,
295 2931 450 3020 rupibus,
468 2931 573 3019 agris,
596 2938 730 2996 nonest
748 2928 838 3018 quod
859 2952 920 2996 uos
941 2929 1094 2996 detinere
1117 2920 1236 3019 possit,

66 3130 68 3139 ⁴
166 3077 230 3120 uec
244 3055 343 3142 ⁸enirn
367 3078 444 3121 cum
466 3055 507 3120 iis
528 3055 676 3142 colloqui
701 3064 777 3143 pote
798 3063 848 3119 est
861 3078 869 3133 ;
896 3054 987 3142 atqui
1010 3054 1240 3142 ingenuorum

166 3181 319 3246 virorum
336 3181 544 3247 conveniens
559 3180 696 3246 babitus
708 3189 759 3246 est
775 3203 834 3268 per
846 3202 1022 3246 sermones
1037 3180 1239 3269 sapientiam

167 3305 201 3371 in
218 3304 377 3373 humanis
395 3304 497 3371 rebus
513 3305 654 3396 privatis
674 3304 728 3370 vel
747 3303 890 3393 publicis
912 3327 1088 3392 quaerere.
1107 3305 1240 3372 Xerxes

167 3442 326 3499 narratur
346 3453 450 3520 quum
473 3453 531 3520 per
546 3431 662 3496 Asiam
686 3431 749 3496 iter
772 3428 899 3495 faceret
922 3429 1049 3496 bellum
1075 3430 1240 3499 Graeciae

131 3647 134 3657 Ι
167 3569 342 3648 gesturuS,
355 3557 480 3646 insigni
494 3556 603 3622 forma
619 3556 755 3646 platano
772 3557 963 3622 occurrisse
974 3559 1073 3646 cujus
1090 3556 1240 3645 pulchri-

166 3687 283 3755 tudine
303 3685 495 3776 perculsus,
513 3706 587 3750 eam
608 3683 712 3750 veluti
735 3682 916 3772 quamdam
938 3682 1088 3771 effigiem
1105 3706 1238 3750 sacram

166 3812 358 3901 magnificis
381 3809 590 3877 ornamentis
615 3808 799 3874 decoravit.
830 3810 958 3897 Nempe
984 3808 1060 3877 talis
1084 3807 1239 3889 affectus,

165 3939 218 4005 cui
248 3946 365 4004 nostra
398 3936 511 4001 tamen
537 3932 636 4000 ¹aetas
670 3934 879 4000 consentiret
909 3944 945 3999 ut
976 3931 1126 4011 amabili,
1158 3935 1240 3999 Bar-

165 4064 285 4130 barum
302 4059 478 4130 redolebat
493 4059 662 4127 sententia
680 4058 889 4125 Graecorum
906 4058 1041 4125 illorum
1059 4058 1115 4146 qui
1133 4059 1238 4143 Deos,

166 4188 309 4272 velvim
324 4163 466 4254 naturaie
485 4185 621 4254 nonnisi
640 4185 789 4251 bumana
807 4183 919 4275 specie
942 4192 1055 4249 mente
1071 4183 1240 4273 concipie-
