2804 4814
651 270 737 334 -8
763 309 803 318 -

193 426 306 505 mittit,
328 425 408 492 hinc
421 426 613 493 liberalium
635 426 824 492 studiorum
847 425 968 504 otium,
982 425 1075 490 illinc
1092 423 1265 489 festinatio

192 550 230 615 ad
249 551 456 639 acquirenda
476 560 509 616 et
529 550 680 640 paranda
696 551 771 617 aliis
791 572 831 616 ea
853 572 940 638 quae
962 548 1088 637 vulgus
1109 548 1266 614 aestimat

192 673 280 742 bona
301 696 310 761 3
332 675 364 741 in
386 675 540 764 sophista
567 675 694 764 aliquid
721 675 837 754 nimia,
859 673 987 762 aliquid
1005 697 1073 740 non
1099 674 1181 739 satis
1201 682 1265 740 est.

194 800 281 864 Dum
312 799 346 864 in
378 799 469 866 illius
502 800 691 866 ministerio
720 809 859 888 apparet
887 799 1015 887 aliquid
1047 799 1204 888 superius
1234 807 1267 864 et

193 924 294 990 altius
324 946 425 1013 quam
462 925 493 990 id
521 925 609 1013 quod
644 925 818 991 communi
848 946 951 993 sensu
980 924 1111 1012 concipi
1142 933 1265 1012 potest,

194 1072 365 1139 quamque
392 1060 482 1117 artes
511 1050 602 1116 circa
629 1072 846 1117 communem
873 1048 1053 1115 utilitatem
1075 1058 1266 1128 versantes,

193 1169 295 1240 simul
308 1175 421 1240 minus
435 1174 606 1263 explicare
622 1183 732 1264 potest
753 1173 905 1262 sophista
922 1173 1134 1262 propositum
1151 1182 1184 1239 et
1204 1174 1267 1238 uti-

193 1297 323 1365 litatem
344 1298 396 1365 sui
414 1298 568 1365 muneris
583 1321 683 1387 quam
698 1298 745 1364 illi
767 1298 823 1386 qui
838 1296 1096 1363 fabricationem
1114 1297 1267 1387 cujusvis

194 1423 347 1512 vulgaris
375 1423 424 1489 rei
460 1432 618 1502 tractant,
634 1433 699 1489 aut
733 1423 834 1489 etiam
869 1432 975 1489 artem
1003 1431 1061 1488 aut
1089 1422 1267 1489 scientiam

195 1546 345 1636 aliquam
376 1547 631 1636 particularem,
663 1547 703 1613 ad
737 1546 915 1613 materiam
950 1546 1097 1634 aliquam
1128 1533 1266 1635 parvam

195 1670 254 1737 sed
288 1680 379 1737 certe
403 1670 578 1740 definitam
609 1671 809 1737 attinentem
842 1670 992 1751 docent3
1024 1680 1056 1736 et
1090 1681 1270 1760 propterea
1299 1701 1301 1705 ·

165 1778 264 1862 'non
304 1795 473 1884 explicare
505 1796 716 1884 propositum
761 1819 861 1885 posse
896 1795 1049 1874 videtur,
1089 1795 1168 1884 quia
1199 1818 1268 1861 non

196 1920 315 1987 intima
346 1919 533 2008 penetralia
567 1921 649 1986 artis
688 1943 770 1987 suae
800 1920 882 1986 adiit
907 1944 916 2000 3
946 1929 1047 2008 atque
1076 1919 1133 1985 illa
1168 1942 1268 2008 quam

196 2066 265 2111 non
300 2043 381 2111 adiit
416 2043 613 2133 productior
646 2045 788 2111 scientia
821 2068 939 2111 earum
975 2067 1087 2110 rerum
1120 2067 1204 2134 quas
1234 2067 1270 2111 se

197 2168 320 2235 docere
350 2168 546 2258 profitetur,
587 2191 629 2235 en
655 2169 721 2235 alia
748 2172 819 2258 jam
854 2178 905 2236 est
934 2191 972 2234 ac
1006 2168 1130 2235 haecce
1169 2191 1269 2256 quam

168 2293 319 2372 docere
356 2293 461 2373 solet,
502 2316 570 2360 non
605 2293 800 2381 eloquentia
832 2293 885 2359 vel
924 2293 1060 2383 politica
1093 2304 1164 2373 est,
1212 2292 1271 2359 sed

197 2417 276 2483 boni
305 2427 337 2484 ct
360 2417 444 2506 justi
478 2417 634 2497 scientia,
657 2417 715 2484 sed
743 2417 933 2497 dialectica,
962 2427 1076 2506 utpote
1102 2440 1119 2483 e
1148 2417 1271 2507 quibus

198 2541 276 2607 illae
311 2563 415 2629 supra
458 2541 567 2607 dictae
613 2540 794 2630 pendeant.
837 2541 910 2607 Tali
958 2564 1111 2630 quoque,
1153 2550 1268 2620 certe,

198 2667 381 2733 continuae
405 2676 438 2732 et
474 2689 608 2755 semper
646 2666 819 2733 redivivae
846 2666 1037 2733 difficultati
1063 2667 1211 2733 occurrit
1240 2676 1273 2732 et

199 2789 398 2879 infringitur
428 2790 539 2856 omnis
569 2789 748 2880 disciplina
769 2791 851 2878 (non
879 2790 991 2857 solum
1016 2791 1050 2856 in
1081 2790 1138 2856 illa
1162 2799 1273 2856 aetate

200 2916 259 2983 sed
284 2916 385 2982 etiam
403 2916 436 2981 in
459 2917 604 3001 nostra),
622 2914 859 3005 pliilosopltiae
882 2916 1035 2995 nomine,
1053 2917 1272 3004 quaestiones

198 3041 377 3130 generales
408 3040 537 3107 scilicet
571 3063 626 3107 res
662 3040 830 3106 humanas
865 3051 897 3106 et
931 3040 1081 3107 universi
1115 3051 1272 3106 naturam

199 3176 363 3244 tractans,
394 3165 423 3231 ei
445 3164 650 3248 difficultati,
674 3164 763 3244 dico,
791 3166 1002 3254 propositum
1028 3165 1210 3231 deliniendi
1241 3176 1274 3230 et

201 3290 382 3357 utilitatem
405 3290 612 3379 ¹exponendi
639 3330 677 3339 -
713 3312 817 3378 quum
843 3290 995 3356 vicissim
1029 3300 1061 3356 et
1094 3289 1272 3356 utilitatem

202 3414 444 3504 quaerentibus
460 3415 574 3481 otveri
592 3413 786 3482 amantibus
803 3414 886 3481 fides
904 3414 1059 3481 facienda
1075 3416 1129 3481 sit.

246 3540 371 3607 Contra
387 3539 565 3605 scientiam
582 3539 673 3605 illam
691 3562 760 3605 non
775 3538 817 3605 ab
841 3540 941 3606 unico
973 3540 1136 3606 scientiae
1160 3539 1272 3606 studio

197 3664 404 3754 profectam,
426 3663 484 3731 sed
505 3664 608 3730 nimis
635 3664 791 3752 proximo
822 3675 854 3731 et
875 3664 1070 3753 particulari
1101 3665 1273 3754 proposito

202 3791 459 3873 inservientem,
483 3789 588 3855 idest
615 3812 684 3856 non
710 3789 772 3855 viri
794 3790 923 3856 cultum
945 3801 1184 3879 assequentem
1215 3790 1273 3856 sed

202 3916 496 4006 praeparationem
518 3914 557 3981 ad
584 3915 721 4004 aliquod
748 3914 952 4003 particulare
988 3938 1124 3994 munus,
1148 3926 1180 3981 et
1204 3915 1273 3981 cul-

201 4051 272 4107 tum
292 4039 515 4128 quarumdam
533 4040 567 4105 in
584 4041 658 4106 viro
675 4040 873 4106 facultatum
897 4040 937 4105 ab
963 4063 1026 4106 usu
1045 4063 1161 4106 earum
1183 4040 1273 4107 bono

203 4177 260 4233 aut
276 4165 366 4233 malo
383 4169 631 4255 sejunctarum,
645 4175 677 4231 et
699 4175 816 4232 contra
844 4188 919 4231 eam
942 4166 1105 4232 scientiae
1127 4164 1274 4255 discipli-
