2804 4814
657 230 842 337 kro-

220 447 304 491 num
331 424 365 489 in
395 423 545 503 civitate,
568 424 737 505 ordinem,
766 447 947 491 numerum
970 433 1002 490 et
1028 423 1296 490 concinnitatem
1386 436 1389 440 '

223 549 333 629 affert,
352 571 471 616 omnes
497 558 590 617 artes
619 549 652 618 in
674 573 710 617 se
740 549 960 629 contrahens,
986 548 1040 615 vel
1061 548 1164 615 etiam
1185 548 1298 638 sculp-

222 684 334 741 turam
364 682 396 739 et
431 672 596 762 picturam
632 678 751 762 (quum
784 673 880 739 vivas
907 673 1035 762 liguras
1064 671 1235 760 effingat),
1266 682 1300 738 et

223 797 485 865 architecturam
521 797 685 886 (simodo
711 797 792 865 urbs
813 798 895 864 viris
921 798 1161 887 potiusquam
1191 797 1300 864 muris

220 923 382 1007 constet),
399 931 535 1010 atquae
555 922 630 1012 ipsa
650 922 687 988 lit
701 923 798 1010 quasi
815 922 1029 1012 prooemium
1045 922 1155 988 civilis
1179 930 1212 987 et
1233 920 1300 1010 pri-

221 1057 320 1115 vatae
342 1047 491 1113 virtutis.
510 1047 604 1128 Quae
626 1070 732 1135 quum
754 1047 801 1114 ita
825 1047 906 1126 sint,
928 1046 1087 1114 ludorum
1109 1069 1220 1134 genus
1245 1045 1301 1112 vel

223 1173 367 1251 musica,
395 1195 455 1238 seu
487 1181 671 1251 noventur,
698 1195 758 1238 scu
795 1172 937 1238 immota
963 1172 1160 1250 maneant¹‚
1193 1170 1300 1237 maxi·
1363 1210 1387 1255 χ

223 1319 314 1363 mam
334 1296 402 1363 vim
424 1295 597 1362 habebunt
613 1296 654 1362 ad
673 1296 820 1362 civitatis
835 1272 929 1384 leges
951 1319 1011 1362 seu
1032 1291 1298 1375 labefaciendas,

223 1444 284 1488 seu
304 1419 502 1488 firmandas.
525 1420 627 1509 Atqui
649 1421 745 1487 Plato
770 1430 805 1487 ut
830 1421 1063 1487 felicissimam
1088 1420 1182 1487 fovet
1205 1420 1299 1487 illam
1357 1444 1360 1452 ·

223 1545 394 1612 civitatem
416 1546 514 1638 cujus
533 1545 627 1633 leges
650 1568 709 1634 per
730 1555 797 1612 tam
819 1545 961 1634 longum
982 1554 1116 1634 tempus
1137 1544 1299 1611 immotae

192 1687 195 1692 “
222 1671 362 1750 fuerint,
388 1679 424 1736 ut
453 1692 553 1736 nemo
577 1671 768 1737 meminerit
793 1694 905 1759 neque
927 1670 1071 1737 audierit
1096 1669 1180 1735 alias
1205 1669 1299 1758 leges

214 1817 376 1883 unquam
393 1794 512 1874 luisse,
533 1817 643 1883 noque
665 1794 824 1862 videlicet
839 1794 1010 1883 quomodo
1035 1793 1112 1860 illae
1129 1793 1211 1861 olim
1232 1793 1298 1860 ins-

223 1920 344 1987 titutae
355 1919 494 1986 fuerint.
511 1919 686 1987 Laudibus
698 1920 795 1986 effert
811 1943 893 2008 ergo
909 1919 1087 2010 AEgyptios
1104 1918 1195 2007 quod
1211 1918 1300 2009 apud

224 2068 283 2113 eos
313 2067 381 2111 non
410 2045 527 2111 liceret
548 2044 676 2133 figuras
699 2045 864 2134 effingere
886 2067 998 2133 neque
1018 2042 1128 2110 modis
1155 2045 1209 2110 uti
1234 2042 1299 2109 nisi

225 2171 344 2237 iisdem
358 2172 524 2259 quaejam
538 2171 653 2238 multis
666 2170 812 2237 saeculis
825 2180 924 2236 antea
936 2169 1144 2259 praescripta
1154 2168 1301 2246 luissent

225 2305 261 2362 ut
280 2305 402 2361 natura
430 2295 573 2383 pulchra
602 2306 635 2362 et
656 2292 735 2363 vere
752 2300 879 2374 recta2,
910 2304 942 2361 et
966 2317 1035 2361 uno
1055 2293 1160 2360 verbo
1187 2293 1300 2382 qualia

225 2441 293 2485 non
315 2420 513 2507 exsuperari
535 2431 674 2510 possent
689 2444 697 2501 ;
714 2443 818 2509 quum
837 2441 1038 2509 persuasum
1058 2416 1182 2484 habeat
1197 2440 1300 2485 nova-

226 2566 303 2635 rum
329 2565 442 2608 rerum
465 2543 614 2610 studium
640 2545 776 2610 nonnisi
804 2567 822 2609 a
844 2543 948 2609 nimio
973 2542 1157 2631 voluptatis
1184 2564 1300 2608 amore
1341 2582 1346 2600 ι

226 2668 320 2734 oriri.
334 2667 416 2734 Inde
436 2691 547 2756 genus
568 2668 766 2757 poetarum³
780 2667 1066 2760 insectaturquod
1086 2689 1188 2733 verae
1204 2676 1301 2733 natu-

226 2816 284 2859 rae
305 2793 456 2859 musicae
471 2793 565 2860 obliti
587 2804 620 2859 et
644 2794 810 2860 rationem
834 2793 1017 2882 voluptatis
1033 2802 1166 2859 tantum
1183 2792 1300 2859 sectati

226 2917 351 3007 populo
384 2940 514 2984 morem
539 2921 685 3006 gererel
711 2929 743 2984 et
778 2917 901 2984 blanda
929 2919 1026 2983 Musa
1067 2917 1113 2982 uti
1149 2917 1300 2996 suerint,

227 3042 352 3109 nedum
387 3044 448 3108 viri
485 3043 563 3109 honi
589 3044 740 3110 musicae
762 3043 873 3133 periti,
895 3042 949 3109 vel
972 3042 1098 3134 judicis
1119 3042 1301 3131 cujusdam

228 3168 372 3234 instituti
403 3167 606 3256 suffragium
628 3178 756 3257 petant,
781 3178 900 3235 contra
927 3168 1131 3235 ferninarum
1162 3177 1195 3233 et
1224 3167 1302 3234 ado-

226 3294 428 3360 lescentium
447 3294 503 3382 qui
520 3293 648 3359 titillari
671 3304 703 3359 et
723 3294 856 3360 concuti
879 3303 912 3359 et
930 3292 1057 3359 turbari
1080 3301 1208 3371 ament,
1234 3292 1302 3358 imo

135 3397 138 3400 ‚
180 3410 186 3415 ⁴
229 3418 448 3484 humiliorum
476 3440 620 3484 assensu
640 3419 804 3498 nitentes3
828 3417 916 3484 unde
941 3428 1015 3483 orta
1040 3416 1127 3484 soret
1148 3416 1302 3483 theatro-

227 3544 370 3622 eratia5,
393 3542 425 3608 id
451 3553 515 3625 ast,
538 3543 609 3608 sive
635 3544 667 3607 in
695 3543 824 3608 musica
849 3543 975 3609 sivein
1000 3541 1175 3631 republica
1199 3541 1303 3608 elsera

199 3730 219 3823 ‘¹
258 3749 267 3782 1
289 3749 365 3812 Leg„
382 3749 441 3809 vn,
459 3752 540 3798 rana.

257 3848 268 3880 ²
287 3848 407 3910 Leg.,ll,
418 3851 464 3895 656
480 3859 502 3896 e.

260 3927 270 3961 ³
288 3939 374 4016 γένος
396 3933 427 3995 αὖ
450 3935 507 3995 πᾶν
531 3934 627 3994 ἱκανὸν
645 3930 817 4015 γιγνώσκειν
835 3935 943 4015 scalpo
962 3933 998 3995 τά
1015 3958 1047 3995 τε
1067 3929 1164 4014 ἀγαθὰ
1184 3932 1232 3994 καὶ
1249 3936 1300 4010 μή.

230 4043 307 4108 Leg.¹
321 4043 379 4105 Vll,
392 4046 434 4090 801
449 4041 475 4091 h.

261 4141 271 4175 ⁴
285 4141 363 4204 Lag„
375 4140 436 4195 Vll,
452 4142 497 4188 802
510 4153 533 4189 c.

260 4220 271 4253 ⁵
290 4228 514 4309 θεατροκρατία.
535 4236 610 4300 teg„
627 4237 676 4297 ΙΙΙ,
693 4240 762 4286 700e
779 4239 805 4286 et
816 4251 874 4302 seq.
