2804 4814
609 295 764 358 ,5.-

113 443 299 528 ,diuntur,
338 444 427 532 quod
468 445 672 533 ingenerant
706 444 808 512 simul
841 445 991 511 studium
1023 446 1153 513 altioris
1192 458 1224 514 et

144 570 275 637 latioris
299 570 461 636 scientiae
482 570 581 659 eique
602 571 714 638 studio
737 571 964 642 satisfaciunt.
986 573 1143 640 Forsitan
1161 597 1225 663 per

146 696 320 764 Socratem
342 705 458 784 utpote
483 695 585 762 simul
611 696 789 785 utriusque
810 696 940 784 ingenii
965 698 1165 787 participem
1192 708 1225 765 et

146 820 288 887 studiosi
306 821 497 888 novitatum
508 821 734 910 quarumdam
750 844 788 888 ac
803 843 938 888 morum
949 832 1119 902 veterum,
1136 845 1224 890 uova

145 946 246 1012 latius
272 945 525 1035 progredientis
548 946 749 1036 disciplinae
776 947 863 1014 ratio
883 969 952 1014 nou
975 948 1142 1028 nascitur,
1165 948 1223 1014 sed

146 1071 322 1160 accipitur.

191 1193 325 1261 Etenim
351 1195 435 1260 haec
457 1194 637 1284 disciplina
661 1204 763 1284 atque
790 1195 917 1284 pariter
941 1195 1150 1284 professoria
1170 1219 1225 1262 ars

147 1318 181 1384 in
197 1317 390 1385 civitatibus
407 1341 475 1385 uon
500 1318 651 1385 eminent
667 1319 731 1385 nisi
749 1318 963 1386 sollicitando
980 1319 1084 1385 cives
1111 1321 1162 1386 Ex
1184 1343 1225 1387 eo

148 1444 237 1533 quod
262 1443 309 1510 illi
331 1444 475 1534 simplici
502 1454 534 1511 et
554 1444 677 1525 solido,
695 1467 763 1511 non
788 1467 928 1533 magno,
953 1445 1011 1511 sed
1032 1445 1118 1512 bene
1134 1468 1225 1512 com-

147 1567 256 1657 posito
272 1576 304 1634 et
320 1566 469 1656 perfecto
487 1571 561 1656 Ζῴῳ
576 1568 665 1657 quod
684 1568 814 1636 Graeca
825 1569 945 1635 civitas
956 1579 1027 1643 erat
1044 1569 1224 1636 hocunum

146 1691 236 1759 aliud
259 1669 467 1759 elementum
495 1693 642 1781 quidamv
666 1694 819 1760 inserere
844 1693 1018 1774 volebant,
1044 1694 1224 1762 dissolutio

146 1815 341 1884 timebatur.
366 1817 463 1898 Quod
486 1840 545 1906 pro
580 1830 836 1908 supervacaneo
860 1817 1061 1899 habebatur,
1081 1842 1120 1886 eo
1149 1820 1223 1909 ipso

144 1942 340 2009 nociturum
358 1942 390 2008 id
410 1941 599 2009 videbatur.
620 1944 662 2009 Et
678 1942 814 2032 quidem
831 1944 1040 2032 professoria
1057 1967 1112 2010 ars
1130 1944 1221 2011 aliud

145 2068 256 2136 solum
269 2068 465 2158 requirebat
480 2094 488 2150 3
519 2069 693 2158 politicum
709 2092 832 2158 corpus
848 2069 1044 2157 requirebat
1060 2073 1171 2159 majus
1190 2080 1223 2137 et

145 2193 254 2283 magis
277 2193 453 2282 multiplex
469 2213 577 2283 'quam
603 2195 735 2262 Graeca
760 2194 880 2260 civitas
908 2204 993 2273 erat,
1017 2198 1116 2284 cujus
1143 2218 1220 2262 cum

144 2317 265 2384 ceteris
286 2317 465 2384 elementis
490 2318 572 2384 illud
599 2341 767 2407 organum
794 2318 881 2384 bene
907 2320 1127 2386 conciliatum
1148 2320 1220 2386 heri

143 2454 270 2534 posset.
292 2443 402 2531 Atque
413 2446 484 2532 jam
504 2453 579 2532 post
595 2443 683 2510 bella
696 2444 939 2512 dominationis
955 2469 1058 2511 causa
1073 2469 1092 2512 a
1105 2456 1220 2535 poten-

143 2568 233 2635 tibus
261 2567 455 2634 civitatibus
486 2568 688 2657 quibusdam
720 2580 830 2657 gesta,
860 2592 1003 2659 quarum
1039 2570 1218 2659 imperium

143 2693 228 2760 nihil
249 2692 339 2759 aliud
362 2715 462 2781 quam
480 2693 730 2760 discontinuam
753 2694 902 2782 aliquam
922 2694 1056 2761 urbium
1077 2718 1220 2784 congre-

143 2818 316 2908 gationem
338 2817 519 2898 continuit,
535 2817 619 2884 illud
637 2822 747 2908 majus
765 2842 888 2908 corpus
906 2843 985 2887 mox
1001 2820 1218 2900 conflabitur,

65 2999 67 3002 ,
143 2964 280 3010 ornnem
306 2942 485 3008 Graeciam
514 2942 757 3032 complectens,
780 2954 921 3009 externa
948 2967 1049 3010 causa
1075 2955 1219 3032 cogente

143 3089 244 3155 quam
253 3088 354 3131 nemo
366 3065 530 3154 suspicari
542 3066 720 3154 potuisset.
731 3069 767 3132 ln
778 3067 914 3133 civitate
926 3078 1038 3134 autem
1052 3068 1217 3157 sophista,

143 3193 305 3280 magister
320 3189 558 3280 philosophiae
582 3191 635 3257 vel
656 3191 826 3280 politicae,
849 3215 973 3258 r‘nunus
995 3194 1137 3259 sustinet
1164 3195 1217 3261 cui

140 3311 173 3377 io
196 3336 363 3402 perparvo
379 3337 522 3404 corpore
544 3338 612 3382 non
629 3327 681 3383 est
694 3316 802 3383 loeus.
816 3319 908 3405 Ergo
925 3328 1103 3384 externum
1121 3320 1219 3407 quasi

140 3461 265 3504 munus
287 3440 369 3528 agit,
393 3450 577 3530 perpetuus
606 3441 661 3508 ille
686 3442 809 3522 viator,
834 3466 874 3509 eo
900 3444 974 3532 ipso
994 3445 1218 3532 praenuntius

138 3562 232 3651 (licet
252 3564 407 3652 ignarus)
424 3565 554 3632 ordinis
574 3589 688 3632 rerum
706 3568 800 3646 novi,
823 3577 856 3633 et
876 3568 997 3634 aetatis
1019 3569 1218 3656 posterioris

138 3687 229 3754 illius
256 3689 290 3753 iu
322 3711 388 3776 qua
413 3668 607 3780 respublica
638 3690 729 3757 aliud
762 3713 801 3758 ac
832 3694 1054 3780 congregatio
1082 3694 1215 3761 urbium

138 3814 214 3880 erit.
232 3814 351 3890 Adhuc
383 3816 509 3904 patitur
539 3838 701 3904 praesens
727 3826 835 3883 status
856 3818 1033 3886 civitatum
1056 3842 1134 3885 eum
1160 3822 1217 3909 qui

139 3949 251 4027 parles
267 3939 420 4006 advocati
444 3941 525 4028 agit,
544 3952 713 4007 oratorem
737 3942 841 4008 verba
862 3966 923 4031 pro
949 3943 1015 4010 alio
1035 3943 1216 4011 facientem

141 4074 254 4154 utpote
276 4065 423 4131 amicum
440 4088 500 4154 pro
517 4067 626 4132 amico
643 4077 700 4132 aut
716 4069 920 4157 propinquo,
937 4069 991 4134 vel
1007 4070 1107 4135 etiam
1124 4071 1216 4159 logo-

137 4189 324 4278 graphum3
339 4190 397 4257 sed
406 4193 478 4280 jam
490 4191 572 4258 satis
585 4202 646 4258 est.
661 4194 698 4258 ln
713 4193 901 4282 disciplinis
912 4195 1035 4262 mentis
1050 4196 1215 4284 sophista,
