2804 4814
613 281 790 361 42-

163 431 417 522 pulchritudine
446 431 614 498 excitatur
640 456 709 499 uon
735 442 786 500 est
815 432 947 522 pulchri
978 408 1240 521 appetitiosed

164 555 327 646 gignendi
346 556 380 622 in
397 555 573 645 pulchr0¹.
589 559 664 647 lpse
676 568 791 625 autem
802 556 1035 646 generationis
1050 558 1083 623 in
1096 556 1240 646 pulchro

164 703 261 747 amor
281 703 324 746 ex
337 680 603 748 immortalitatis
623 682 793 748 desiderio
808 691 840 748 et
860 703 928 749 una
945 681 1142 770 sempiterni
1160 680 1240 748 boni

164 805 370 896 appetitione
387 805 642 873 constituitur2.
659 809 777 896 Neque
791 807 881 873 enim
897 781 1034 872 nonnisi
1051 805 1240 894 gignendo,

166 930 196 996 id
210 939 261 997 est
272 928 470 997 renovando
480 930 630 997 sediviui
641 930 907 998 immortalitatis
919 931 1072 997 muneris
1084 930 1242 997 homines

165 1054 346 1144 participes
367 1053 452 1121 fiunt
462 1048 490 1135 ³,
503 1054 568 1124 Sed
591 1056 717 1145 posteri
741 1055 788 1121 illi
816 1075 960 1145 corpore
980 1054 1134 1143 generati
1159 1057 1242 1143 (qua

166 1177 388 1268 generatione
416 1178 564 1245 contenti
599 1189 679 1247 sunt
693 1179 839 1246 Veneris
863 1178 1014 1267 vulgaris
1042 1180 1242 1269 sectatores)

167 1328 230 1372 nec
251 1314 383 1371 tanturn
403 1327 464 1371 nec
486 1314 554 1371 tam
572 1328 692 1400 secure
707 1304 1012 1382 immortalitatem,
1026 1303 1242 1384 memoriam,

167 1430 389 1497 felicitatem*
414 1429 448 1495 in
469 1452 571 1511 omne
590 1429 743 1498 futurum
761 1439 895 1519 tempus
918 1439 1038 1518 parant
1066 1451 1169 1516 quam
1195 1429 1243 1494 illi

96 1635 97 1638 Ἴ
169 1554 283 1621 animo
299 1554 516 1643 progenerati
532 1565 671 1644 nepotes
684 1553 802 1647 quales
813 1554 1056 1633 suntvirtutes,
1067 1552 1243 1632 scientiae,

168 1680 453 1779 leges,poemata,
465 1702 524 1768 per
536 1701 623 1767 quae
633 1679 833 1768 superstites
844 1678 917 1745 lieri
927 1677 1089 1758 Achilles,
1098 1676 1244 1757 Codrus,

171 1804 290 1884 Solon,
307 1806 494 1890 HomeruS,
515 1803 686 1871 Hesiodus
713 1803 812 1890 (adde
842 1804 943 1870 etiam
969 1804 1145 1872 Socratem
1166 1802 1246 1869 licet

171 1952 240 1997 non
256 1929 485 2017 designatum)
502 1929 710 1997 maluerunt.
730 1928 938 2008 Cetera,nec
957 1950 1081 2016 corpus
1100 1950 1162 1993 nec
1174 1928 1246 1993 ani·

173 2078 248 2121 mus
268 2054 416 2143 gignunt
436 2053 501 2120 nisi
518 2053 743 2120 delectatione
759 2053 890 2142 pulchri
912 2051 1073 2118 instincta
1089 2062 1122 2118 et
1148 2051 1245 2140 quasi

172 2176 328 2244 diffusat.

217 2431 376 2497 Amatam
388 2450 457 2495 non
479 2436 616 2516 propter
630 2449 665 2493 se
680 2425 786 2492 amari
800 2425 860 2492 sed
876 2434 1013 2514 propter
1032 2424 1159 2491 bonum
1173 2447 1248 2512 per-

174 2553 339 2642 cepimus.
353 2553 460 2618 Porro
472 2574 526 2617 res
538 2551 693 2640 pulchra,
711 2549 853 2639 pulchra
864 2549 965 2616 facies
975 2549 1088 2638 aliqua
1099 2558 1248 2614 tantum-

176 2677 276 2745 modo
286 2699 364 2767 pars
374 2686 406 2743 ct
420 2676 516 2764 quasi
528 2674 803 2764 guttapelagirou
814 2675 930 2743 maaet
941 2684 992 2741 est
1004 2699 1013 2754 ;
1024 2683 1057 2740 et
1068 2695 1164 2739 amor
1176 2674 1248 2762 pul-

176 2802 278 2868 clrrae
299 2801 397 2868 faciei
413 2811 471 2867 aut
486 2801 533 2867 rei
555 2823 624 2866 non
652 2809 862 2866 sustentatur
887 2799 952 2864 nisi
987 2798 1141 2886 singulas
1174 2797 1249 2864 illas

177 2927 280 2993 facies
299 2926 352 2993 vel
372 2948 427 2992 res
443 2925 539 3014 quasi
556 2933 747 3014 praetereat
762 2947 800 2989 ac
820 2946 879 3012 per
906 2922 1033 3010 gradus
1057 2921 1188 2988 debitos
1209 2945 1249 2989 eo

178 3051 362 3119 ascendat⁷
379 3061 416 3117 ut
436 3050 519 3116 nihil
537 3049 627 3116 aliud
640 3049 704 3115 nisi
722 3072 818 3115 amor
832 3048 964 3137 pulcliri
982 3048 1101 3137 ipsine,
1117 3047 1249 3136 pulchri

178 3200 237 3268 per
257 3200 294 3244 se
316 3177 384 3242 fiat.
404 3176 444 3242 Et
464 3185 555 3242 certe
576 3175 729 3240 divinum
746 3172 872 3262 aliquid
894 3183 926 3238 et
946 3174 1067 3240 ἔνθεον8
1087 3171 1199 3261 potius
1216 3172 1249 3236 in

179 3325 295 3369 amore
311 3302 427 3368 existit
442 3323 544 3389 quam
564 3300 597 3366 in
622 3299 764 3389 pulchra
785 3321 835 3378 re,
854 3299 888 3365 in
912 3307 1048 3363 amante
1083 3320 1184 3385 quam
1216 3297 1250 3363 in

208 3527 216 3562 ¹
235 3526 332 3589 Conv.,
346 3529 392 3574 206
407 3539 430 3575 e.

208 3627 218 3662 ²
235 3626 331 3687 Conv,
348 3628 391 3673 207
407 3638 432 3674 a.

207 3726 218 3759 ³
236 3724 333 3786 Cone,
346 3726 391 3772 208
404 3736 429 3784 a,
442 3721 468 3771 b.

208 3823 217 3856 ⁴
236 3822 333 3883 Conv.,
345 3825 390 3870 208
408 3836 422 3871 e
438 3820 472 3869 ad
484 3824 529 3868 209
542 3832 565 3867 e.

207 3922 218 3955 ⁵
234 3920 330 3979 Coun,
346 3923 392 3968 206
407 3918 433 3967 d.

207 4018 218 4051 θ
235 4017 331 4077 Gonu,
343 4020 388 4065 210
399 4015 425 4064 d.

209 4115 218 4148 ⁷
236 4115 332 4178 Gonu,
351 4118 394 4163 211
412 4129 434 4164 c.

208 4214 219 4248 ⁸
237 4214 333 4276 Conv,
348 4217 392 4261 180
408 4210 433 4261 h.
